4667 6109
472 715 536 781 388
985 713 1143 784 tsstettst
1163 715 1218 774 stt
1239 714 1337 774 acuet
1584 712 1637 771 st.
1653 713 1856 770 vett-itte

472 881 593 966 optime
624 880 853 964 implicuerunt
885 880 934 946 illi
965 881 1148 946 nebulones.
1204 878 1300 945 Nunc
1333 880 1366 944 in
1398 878 1533 964 totque
1566 879 1652 944 ultra
1681 877 1727 944 30
1760 883 1860 943 erant.

473 987 702 1054 Franckfordia
729 990 824 1073 plena
852 994 901 1053 est
929 987 1074 1073 Judaeis3
1107 988 1154 1052 ibi
1181 1010 1292 1053 omnes
1321 987 1445 1052 incolae
1467 985 1620 1053 Judaicae
1648 1007 1765 1051 usurae
1795 990 1860 1050 stu·

471 1095 555 1160 dent.
602 1092 814 1183 Εῑυηῐεῐιαιυό)
848 1096 961 1161 civitas
993 1099 1119 1160 tantum
1148 1095 1190 1159 28
1220 1093 1420 1160 Christianos
1453 1094 1574 1159 incolas
1606 1095 1690 1159 inter
1717 1092 1860 1158 Judaeos

471 1201 595 1267 habet.“
640 1202 818 1287 Respondit
845 1201 1019 1267 Lutherus:
1052 1201 1185 1266 ‘Merito
1213 1201 1417 1287 expelluntur
1445 1202 1491 1267 illi
1521 1201 1696 1267 nebulones
1726 1205 1861 1286 propter

475 1310 748 1395 impoenitentiam
781 1313 814 1374 et
844 1331 981 1374 usuram.
1026 1308 1112 1374 Nam
1140 1331 1212 1374 cum
1241 1309 1418 1395 audissent,
1447 1331 1507 1373 nos
1536 1310 1664 1374 illorum
1692 1307 1860 1373 Hebraeae

471 1416 601 1504 linguae
623 1416 748 1482 deditos
771 1439 848 1501 esse,
872 1440 946 1482 mox
970 1417 1155 1502 sperabant,
1184 1439 1243 1482 nos
1271 1417 1397 1482 futuros
1419 1418 1609 1501 proselytos.
1655 1414 1732 1481 Ideo
1755 1415 1859 1500 aliqui

472 1524 512 1589 ad
535 1522 591 1613 (Θ.
611 1522 669 1611 89)
692 1547 744 1590 me
767 1521 954 1609 venerunt⁷)
979 1524 1192 1608 disputantes,
1215 1524 1332 1608 quibus
1354 1524 1518 1608 respondi:
1541 1522 1704 1608 „Colimus
1727 1523 1858 1607 quidem

471 1630 616 1718 linguam
645 1636 782 1697 vestram
809 1636 942 1718 propter
969 1652 1091 1697 sacram
1119 1631 1323 1715 scripturam,
1351 1631 1407 1696 sed
1434 1630 1555 1695 cultum
1582 1634 1724 1695 vestrum
1751 1629 1860 1694 flocci-

472 1739 621 1824 facimus,
647 1760 751 1822 neque
778 1739 928 1823 speretis,
958 1760 1017 1803 nos
1045 1738 1137 1803 vobis
1171 1737 1454 1823 adstipulaturos.“
1498 1736 1621 1815 Quibus
1649 1737 1721 1801 dedi
1748 1738 1860 1802 literas

472 1846 750 1913 commendatitias
774 1863 814 1912 un
833 1843 880 1912 bie
900 1843 991 1929 qteitt
1010 1842 1081 1927 leui,
1105 1867 1199 1910 orans
1222 1868 1279 1930 per
1298 1844 1470 1930 Christum,
1493 1851 1530 1910 ut
1553 1843 1626 1910 illos
1649 1845 1860 1909 dimitterent.

473 1952 541 2017 Has
571 1952 679 2017 literas
707 1950 917 2040 Aurogallo⁸)
950 1952 1213 2018 demonstrabant
1242 1953 1394 2017 dicentes:
1427 1950 1554 2036 „ibunt
1580 1970 1640 2019 nur
1668 1951 1718 2018 ber
1745 1949 1860 2035 dbold,

473 2060 506 2125 id
529 2065 578 2125 est
602 2060 771 2125 crucifixus
796 2058 941 2125 Christus
965 2057 1011 2127 rit
1034 2057 1183 2127 bucinum
1205 2055 1344 2142 [tunbel“
1387 2057 1531 2143 Summa,
1555 2058 1604 2123 illi
1626 2059 1804 2123 nebulones
1828 2063 1861 2122 et

473 2168 662 2251 spoliatores
685 2188 751 2231 non
774 2172 849 2231 sunt
872 2166 961 2252 digni
985 2167 1094 2250 aliqua
1116 2167 1209 2232 venia
1232 2170 1289 2232 aut
1310 2167 1538 2251 misericordie,
1562 2166 1632 2231 ideo
1653 2166 1861 2251 beneplacet

474 2273 567 2357 mihi,
595 2274 681 2357 quod
707 2272 829 2361 Pragae
857 2295 983 2338 summe
1010 2295 1082 2338 cum
1111 2274 1289 2360 ignominia
1315 2278 1504 2340 tractentur:
1537 2272 1590 2340 ibe
1618 2270 1686 2357 buti
1713 2271 1766 2357 iitb
1798 2271 1861 2340 leit

473 2380 557 2459 Subi
581 2386 669 2449 nster
692 2379 739 2448 tie
763 2379 902 2467 btriitet
924 2378 1010 2450 nitet
1033 2378 1127 2468 leben,
1154 2401 1185 2449 er
1208 2389 1279 2448 mue
1303 2379 1394 2468 ittet,
1417 2387 1450 2446 et
1472 2403 1598 2466 semper
1620 2380 1727 2465 palliis
1750 2382 1860 2446 amicti

473 2489 617 2554 incedere
641 2494 808 2574 cogrmtur,
832 2494 887 2553 aut
906 2489 978 2572 jure
1002 2491 1126 2573 percuti
1149 2495 1286 2575 possunt
1308 2512 1327 2553 a
1351 2488 1515 2573 quolibet.'

562 2612 592 2665 Β.
614 2618 638 2679 1,
652 2616 713 2666 res.

563 2741 589 2806 1)
608 2736 711 2793 iiutret
730 2735 848 2806 baltici,
869 2736 1059 2803 Herbitenses,
1077 2736 1221 2808 fflunborqt
1240 2737 1267 2793 is
1286 2736 1452 2807 itineribus,
1472 2736 1542 2792 einer
1560 2736 1603 2792 tet
1621 2735 1735 2806 retortos
1755 2732 1861 2804 bursa

473 2828 517 2883 tet
531 2825 622 2894 &tritt
641 2826 693 2896 uqi.
709 2825 755 2881 sir.
773 2830 838 2879 '109⁸
851 2827 904 2883 unt
920 2832 979 2894 722,
997 2833 1025 2896 13
1044 2827 1073 2882 te
1087 2825 1170 2883 wetti
1186 2832 1208 2894 1,
1219 2831 1284 2894 3903
1303 2831 1328 2894 t,
1344 2831 1409 2894 3483
1428 2831 1452 2891 o,
1468 2830 1528 2879 227.
1556 2857 1588 2864 —
1617 2827 1644 2894 2)
1664 2823 1776 2891 titidusl
1790 2824 1860 2892 Sub,

472 2915 502 2971 iu
516 2914 677 2985 barentum.
706 2914 849 2985 Beidquit
862 2916 908 2971 tet
921 2914 1103 2985 berquarius.
1129 2920 1172 2983 34,
1189 2920 1336 2983 lto-440,
1352 2915 1487 2983 teteritas
1504 2915 1580 2984 2⁰⁹l·
1601 2946 1633 2953 -
1654 2917 1681 2983 3)
1694 2912 1746 2969 tote
1760 2912 1861 2983 einqiqe

473 3003 534 3059 Par.
555 3003 606 3075 teti
624 3003 670 3073 erit
688 3004 744 3074 bier
762 3004 804 3060 ein
823 3008 876 3060 unt
894 3005 940 3076 bot
958 3020 1009 3061 nur
1027 3003 1069 3060 tiu
1088 3003 1181 3060 tanet
1201 3003 1283 3061 etto.
1314 3037 1345 3043 -
1380 3007 1407 3072 4)
1426 3003 1494 3073 brot
1512 3003 1604 3059 tilheri
1622 3001 1724 3073 cdliii,
1743 3013 1797 3059 tou
1816 3003 1861 3058 tet

475 3092 607 3163 &lbogutt
625 3092 712 3163 tisis,
737 3093 864 3163 qtitotbtu
885 3098 962 3147 loos.
990 3126 1025 3133 —
1057 3096 1083 3162 b)
1103 3093 1163 3146 scil:
1182 3093 1217 3146 ad
1238 3110 1369 3147 mensam.
1400 3126 1432 3132 --
1466 3097 1492 3162 6)
1511 3092 1555 3146 Β.;
1576 3091 1725 3146 Cremona!
1755 3092 1860 3148 untes

475 3181 586 3239 buitim
610 3182 674 3238 mitt
697 3193 749 3239 teu
773 3181 1042 3253 tititriidpsttumsu
1066 3209 1098 3228 =
1122 3181 1273 3239 mnenon
1296 3182 1441 3252 qetptocten
1465 3179 1859 3252 sescenisnummis

474 3273 538 3327 lons
563 3271 627 3340 nictt
651 3271 762 3343 qemsiut
780 3271 840 3339 isin.
877 3260 946 3328 tter
964 3271 1004 3328 tie
1022 3271 1112 3340 {tutes
1131 3271 1160 3327 is
1180 3271 1293 3343 iiiittm
1318 3271 1379 3342 {icto
1397 3270 1445 3326 stt.
1461 3275 1526 3339 7763
1548 3269 1648 3340 iiidie
1667 3275 1695 3337 ⁸2,
1714 3268 1794 3339 440).
1826 3301 1859 3309 -

477 3366 503 3430 t)
523 3360 718 3434 ssuttsstrlidper
737 3361 834 3433 aqdbtt
851 3359 946 3432 Siutbet
965 3360 1072 3433 tintus
1091 3361 1119 3419 it
1138 3361 1185 3418 itt.
1203 3365 1261 3415 169.
1290 3391 1323 3400 -
1356 3363 1383 3429 8)
1401 3359 1448 3416 aar.
1466 3365 1564 3428 162,1.

689 3521 775 3577 728¹.
804 3520 871 3588 (Ser.
891 3520 936 3578 bt.
958 3525 1001 3590 14)
1024 3521 1202 3576 Valedicenti
1221 3520 1295 3574 dixit
1312 3519 1450 3574 Martinus
1469 3519 1619 3574 Lutherus:
1645 3518 1733 3589 ‘itaut
1755 3520 1859 3582 unietur

473 3612 603 3682 burget,
618 3612 667 3667 tot
682 3626 709 3667 er
722 3612 805 3667 morte
819 3610 886 3677 bom
901 3610 965 3681 teitu
984 3610 1033 3667 uir
1047 3612 1155 3667 mouent
1170 3610 1223 3666 tuot
1237 3610 1400 3678 ememtes)
1436 3608 1611 3663 Contrarium
1625 3607 1860 3678 intelligendum

689 3771 776 3826 ΠΜ.
806 3770 970 3826 ‘Praeclara
988 3774 1054 3825 sunt
1071 3771 1187 3842 ingenia
1205 3770 1334 3825 electoris
1353 3773 1382 3824 et
1401 3770 1526 3840 Philippi
1544 3769 1715 3839 landtgrufii,
1734 3769 1784 3837 qui
1804 3786 1860 3823 non

474 3861 605 3932 privatis,
629 3861 678 3916 sed
702 3860 823 3930 publicis
842 3860 978 3914 molestiis
1002 3863 1172 3915 exercentur.
1211 3859 1240 3914 Si
1259 3877 1309 3930 per
1327 3859 1493 3913 decennium
1512 3859 1632 3913 vixerint
1654 3857 1712 3926 (mie
1735 3859 1767 3928 stc
1792 3861 1860 3916 benc

474 3951 503 4004 in
522 3950 610 4004 tantis
629 3949 750 4018 negotiis
768 3949 833 4018 uicbt
848 3951 925 4020 Iunge
943 3951 1015 4006 leben
1029 3951 1146 4019 lennes),
1164 3948 1284 4003 multum
1302 3947 1436 4002 utilitatis
1455 3947 1575 4018 posteris
1594 3948 1746 4017 continget.
1783 3947 1861 4002 Nam

474 4039 579 4093 elector
605 4041 699 4092 noster
722 4038 791 4092 satis
814 4039 935 4108 vigilans
959 4042 1008 4094 est.
1046 4038 1101 4096 iter
1124 4039 1201 4095 mitit
1223 4037 1253 4109 iit
1276 4037 1399 4108 tobeias.
1437 4036 1474 4093 bt
1497 4037 1602 4093 arbutei
1625 4037 1703 4105 iethet
1725 4053 1743 4091 a
1765 4038 1860 4106 primo

474 4144 556 4182 mane
574 4144 663 4196 usque
682 4127 718 4181 ad
737 4128 891 4196 meridiem,
911 4145 977 4183 nam
995 4127 1142 4182 scribendo
1161 4126 1233 4181 calle
1247 4127 1335 4181 habet
1352 4126 1381 4180 in
1397 4125 1495 4196 digito.
1528 4125 1591 4179 Non
1606 4128 1649 4180 est
1662 4125 1765 4193 ebrius,
1784 4143 1861 4181 scor-

474 4218 561 4284 tator,
580 4233 693 4284 avarus,
712 4215 796 4283 lusor,
815 4218 864 4272 sed
883 4217 1018 4286 diligens,
1039 4217 1103 4287 pius
1122 4217 1151 4271 et
1168 4215 1303 4270 liberalis.
1340 4216 1421 4285 liniet
1438 4216 1517 4271 lieber
1534 4217 1656 4285 t'pttrqott
1674 4215 1757 4271 molto
1775 4216 1861 4286 biritu

474 4306 568 4376 turtur
588 4306 716 4378 aquitani
749 4306 786 4363 br
803 4306 889 4375 simut
907 4323 950 4362 om
968 4306 1074 4362 triusion
1093 4306 1147 4376 teti
1165 4307 1220 4362 ste.
1259 4304 1326 4374 (Ser.
1342 4303 1387 4361 uu.
1404 4305 1466 4374 141’)
1489 4304 1526 4359 Et
1548 4321 1600 4375 ego
1621 4304 1681 4372 jam
1700 4305 1729 4357 in
1749 4303 1860 4376 totque

473 4395 669 4464 praesentibus
688 4396 820 4465 episcopo
840 4397 870 4449 et
887 4395 1047 4449 marchione
1066 4395 1136 4449 satis
1155 4395 1259 4448 acriter
1276 4395 1443 4450 ebrietatem
1461 4394 1612 4463 increpavi,
1632 4391 1860 4465 indignissimam

474 4484 583 4550 aulicis,
601 4485 676 4538 unde
695 4484 802 4538 subditi
821 4483 950 4554 exempla
967 4482 1123 4538 honestatis
1143 4500 1251 4538 sumere
1270 4483 1393 4538 debent’

688 4625 773 4682 228⁰.
806 4626 874 4697 Legi
901 4626 998 4681 literas
1026 4627 1154 4681 Doctoris
1182 4625 1281 4681 Jacobi
1309 4625 1416 4698 direti,
1444 4626 1474 4681 in
1503 4624 1605 4694 quibus
1633 4625 1677 4679 sui
1705 4625 1859 4681 ministerii

474 4715 618 4771 molestias
641 4716 833 4784 conqueritur,
856 4715 932 4786 quod
954 4716 992 4770 ad
1014 4715 1223 4785 beneplacitum
1247 4715 1404 4784 aliquorum
1426 4715 1456 4769 in
1476 4715 1599 4785 privatas
1618 4731 1751 4784 personas
1775 4715 1860 4770 adul-

474 4808 548 4859 teras
563 4821 707 4875 emmpere
722 4805 844 4860 deberet.
877 4804 955 4859 Tunc
968 4806 1127 4874 respondit:
1144 4804 1198 4861 ‘bt
1212 4805 1242 4874 iu
1256 4804 1316 4872 uod)
1331 4804 1374 4860 eiu
1387 4804 1480 4874 iunget
1493 4819 1562 4860 mou.
1597 4803 1634 4860 (ir
1647 4810 1708 4860 mut
1723 4805 1861 4860 exercitia

474 4895 565 4963 tates.
601 4893 650 4963 Sd)
669 4896 733 4966 tete
751 4911 806 4950 nun
826 4900 857 4948 31
878 4894 921 4962 ist
938 4893 987 4950 urit
1004 4894 1125 4966 pretiqsu
1145 4893 1270 4962 uotiudu,
1295 4898 1329 4946 20
1348 4909 1436 4947 annos
1455 4892 1496 4946 ini
1515 4893 1544 4946 in
1564 4909 1667 4962 agone,
1690 4909 1772 4947 mane
1794 4896 1859 4948 ten-

474 4983 596 5037 tationes
619 4984 689 5037 mihi
713 4986 899 5038 occurremnt.
936 4983 985 5052 Sd)
1004 4984 1068 5055 bobr
1086 4983 1141 5054 niti
1160 4983 1259 5053 tudier
1278 4982 1376 5052 qebobt.
1414 4982 1486 5035 Nam
1506 4981 1587 5036 initio
1607 4981 1746 5052 evangelii
1768 4982 1858 5037 habui

475 5070 597 5141 aliquos,
621 5072 669 5142 qui
687 5073 756 5127 mihi
777 5091 841 5127 siras
860 5073 1038 5141 quaestiones
1057 5071 1199 5126 schedulis
1217 5074 1434 5140 proposuerunt3
1457 5071 1558 5140 quibus
1582 5088 1645 5124 cnm
1664 5071 1773 5139 aliquot
1784 5089 1859 5126 oon-
