4667 6109
335 711 341 723 '
470 743 535 808 438
986 740 1219 812 assissinato
1239 741 1338 803 000
1733 742 1788 802 aa.
1802 742 1860 800 sos

470 907 586 973 Judaei
609 907 672 972 0110
691 911 835 992 tempore
853 907 1010 992 auspicati
1028 911 1104 972 sunt
1122 930 1242 973 annum
1260 909 1312 973 vel
1330 929 1350 972 a
1367 929 1442 973 vere
1460 909 1511 973 vel
1530 907 1570 973 ab
1589 911 1746 974 autumno
1767 905 1860 995 etc.²)

471 1013 554 1081 Item
577 1015 674 1081 etiam
698 1015 774 1080 dies.
817 1012 930 1081 Graeci
953 1036 972 1078 a
990 1015 1067 1080 solis
1087 1018 1160 1080 ortu
1179 1013 1334 1081 inchoant
1353 1015 1447 1100 diem,
1470 1015 1609 1082 Romani
1627 1019 1665 1080 ut
1682 1037 1742 1080 nos
1764 1015 1860 1082 hodie

471 1120 706 1209 auspicamur⁸)
730 1122 815 1188 diem
838 1145 857 1187 a
880 1122 985 1187 media
1006 1126 1101 1188 nocte
1124 1144 1227 1206 usque
1250 1123 1290 1188 ad
1312 1123 1454 1189 medium
1477 1123 1596 1209 noctia3
1619 1122 1764 1189 Judaeus
1788 1144 1861 1189 con-

471 1231 570 1295 trario
603 1229 699 1294 modo
731 1230 771 1295 ab
805 1251 920 1296 occasu
952 1229 1031 1295 solie
1063 1251 1164 1315 usque
1197 1230 1237 1296 ad
1270 1230 1470 1295 occasionem
1503 1229 1589 1296 solis.
1636 1229 1720 1308 Quia
1752 1234 1858 1297 autem

469 1337 641 1424 horologia
662 1337 720 1402 illa
742 1337 856 1423 ferrea,
884 1337 1047 1422 pulsantia
1075 1342 1108 1403 et
1133 1336 1230 1402 horas
1254 1334 1487 1424 ostendentia⁴)
1516 1341 1585 1403 tum
1609 1337 1768 1422 temporis
1795 1360 1860 1403 non

471 1449 575 1528 erant,
607 1445 663 1510 sed
695 1445 834 1529 primum
866 1445 974 1530 lignea
1006 1449 1081 1509 sunt
1113 1444 1245 1509 inventa
1277 1441 1508 1531 temporibusl)
1537 1441 1678 1532 Augusti
1708 1443 1860 1532 Caesaris,

471 1553 579 1637 itaque
592 1551 708 1617 Judaei
722 1574 811 1617 more
824 1551 1044 1617 Romanorum
1063 1556 1095 1617 et
1116 1552 1310 1617 rusticorum
1328 1555 1513 1617 nostrorum
1531 1555 1659 1618 noctem
1680 1551 1859 1618 diviserunt

472 1658 507 1724 in
531 1663 683 1744 quattuor
706 1659 834 1745 viffl'lias
861 1662 894 1724 et
920 1658 1091 1745 gallicinia.
1135 1657 1213 1725 Ideo
1238 1657 1386 1725 Christus
1408 1657 1505 1724 Petro
1532 1658 1668 1744 loquens
1692 1681 1760 1725 non
1783 1660 1861 1725 facit

472 1767 667 1832 mentionem
691 1763 892 1853 horologii⁶).
938 1765 1129 1831 Habuerunt
1158 1765 1288 1850 quidem
1315 1766 1485 1853 horologia
1514 1767 1644 1852 solaria,
1677 1767 1797 1851 quibus
1827 1768 1860 1832 in

473 1875 524 1939 die
547 1872 734 1959 splendente
757 1874 825 1938 sole
847 1873 1034 1958 utebantur3
1058 1896 1125 1938 nou
1147 1873 1337 1959 splendente
1359 1873 1427 1939 sole
1450 1874 1559 1939 cadem
1583 1877 1651 1939 erat
1674 1874 1860 1940 distributio

472 1981 544 2064 diei,
568 2002 664 2064 quam
688 1981 807 2065 noctis,
830 1981 864 2045 in
888 1984 1041 2065 quattuor
1063 1984 1177 2066 partes.
1223 1979 1293 2046 Nec
1314 1984 1464 2066 poterant
1487 1981 1591 2047 dicere
1613 1980 1743 2047 Judaei:
1768 1981 1861 2067 „Hac

472 2090 524 2154 vel
547 2089 604 2153 illa
626 2088 706 2154 hora
728 2088 768 2153 ad
791 2093 823 2154 te
846 2088 999 2153 veniam.“

681 2214 707 2278 1.
953 2212 1033 2278 hora
1055 2213 1084 2277 9.
1109 2214 1143 2277 10
1166 2214 1354 2299 crepusculo
1378 2236 1479 2297 usque
1502 2213 1543 2277 ad
1568 2213 1628 2297 12.,

607 2372 653 2439 U,
678 2321 707 2492 Ξ.
732 2371 929 2470 μωρὶῃίοτ)
954 2342 973 2383 0
998 2321 1047 2384 12.
1072 2319 1239 2405 usquead
1262 2322 1291 2386 3.
1315 2324 1374 2385 etc.

677 2535 707 2599 4.

563 2677 617 2742 Sic
644 2679 739 2742 etiam
769 2678 851 2742 diem
881 2677 1016 2742 divisere
1044 2677 1078 2742 in
1106 2681 1259 2762 quattuor
1286 2683 1393 2763 partes
1422 2700 1477 2743 000
1500 2680 1596 2743 horas
1622 2678 1663 2761 1,
1686 2679 1731 2762 3.,
1755 2679 1800 2763 6.,
1823 2678 1861 2762 9.,

476 2809 610 2871 quarum
635 2785 796 2870 quaelibet
817 2785 898 2849 hora
920 2789 985 2848 tres
1009 2784 1150 2872 integras
1173 2786 1269 2850 horas
1294 2785 1491 2850 continebat:

843 2910 872 2974 6.
897 2911 1061 2994 usquead
1106 2912 1135 2975 9.
1159 2907 1226 2994 ime
1249 2927 1389 2995 motget,

843 3017 872 3082 9.
897 3017 1061 3101 usquead
1086 3018 1136 3082 12.
1160 3013 1231 3102 balb
1256 3015 1380 3102 mittan,

824 3125 872 3188 12.
896 3146 998 3208 usque
1021 3124 1061 3189 ad
1106 3125 1135 3189 3.
1159 3121 1282 3211 011110ος

608 3232 637 3297 9.
843 3232 872 3296 3.
896 3252 996 3315 usque
1020 3231 1060 3296 ad
1106 3228 1231 3316 61)ch
1255 3228 1353 3316 abent,
1377 3231 1631 3315 pomeridianum
1656 3234 1793 3316 tempus.

670 3072 749 3135 hora
771 3094 791 3135 a

610 2911 636 2974 1.

608 3017 637 3081 3.

608 3124 638 3188 6.

476 3376 564 3441 Haec
593 3376 700 3441 omnia
730 3375 845 3438 clarius
873 3398 912 3439 ex
934 3372 1118 3460 parabola⁸)
1142 3373 1256 3440 Matth.
1276 3375 1342 3439 20.:
1370 3373 1460 3439 Exiit
1486 3374 1591 3459 primo
1619 3397 1727 3458 mane,
1754 3375 1788 3438 id
1815 3379 1862 3440 cst

476 3484 598 3548 oriente
621 3484 702 3567 sole;
725 3486 823 3565 sexta,
846 3477 933 3565 110110
957 3479 1074 3566 mittap,
1096 3504 1172 3547 nam
1198 3481 1246 3546 12.
1270 3482 1332 3546 erit
1354 3481 1450 3546 etiam
1474 3478 1647 3568 occasusl).

566 3586 757 3675 Christus¹⁰)
782 3589 902 3674 incepit
925 3589 1016 3654 edere
1039 3589 1159 3674 pascha
1177 3590 1272 3673 juxta
1294 3590 1398 3676 legem
1417 3588 1514 3654 Moisi
1536 3589 1588 3653 die
1605 3587 1698 3654 Jovis
1722 3611 1862 3674 vespere,

477 3721 540 3783 quo
569 3701 714 3783 tempore
741 3697 861 3781 incepit
889 3695 956 3761 dies
983 3697 1157 3781 paschalis,
1180 3698 1275 3780 juxta
1300 3696 1413 3762 horam
1442 3697 1625 3781 septimam;
1653 3719 1717 3780 quo
1746 3703 1862 3781 pascha

478 3808 668 3889 consumpto
692 3804 832 3868 instituit
854 3825 973 3868 novum
981 3800 1029 3890 ¹¹),
1052 3804 1127 3868 lotis
1146 3801 1325 3890 pedibus¹²)
1346 3804 1558 3888 contionatur,
1580 3804 1647 3868 exit
1669 3803 1704 3868 in
1722 3803 1862 3887 hortum,

477 3916 589 3997 captus
613 3914 662 3976 est
685 3912 769 3976 circa
791 3912 820 3975 8.
844 3911 962 3993 000110,
990 3910 1076 3994 quod
1104 3911 1184 3976 illud
1207 3912 1320 3998 ingens
1343 3914 1504 3977 certamen
1526 3911 1638 3976 mortis
1666 3932 1733 3977 non
1756 3912 1862 3996 potuit

478 4020 532 4084 diu
556 4019 678 4102 durare,
701 4020 734 4082 et
756 4018 870 4082 ductus
894 4018 931 4082 ad
957 4016 1106 4082 Hannam
1129 4018 1248 4102 primo,
1271 4017 1384 4084 deinde
1407 4018 1447 4083 ad
1470 4016 1638 4103 caipham,
1661 4017 1718 4084 ubi
1741 4016 1861 4103 eum¹³)

477 4123 637 4212 Petrus¹⁴)
661 4129 710 4189 ter
733 4125 876 4211 negavit,
903 4122 1120 4212 antequam¹⁶)
1144 4126 1248 4211 gallus
1271 4125 1321 4190 bis
1345 4130 1500 4192 cantarm:
1528 4124 1580 4192 Ab
1603 4125 1683 4191 hora
1705 4125 1736 4191 9.
1759 4148 1862 4212 nsque

478 4232 518 4297 ad
544 4233 592 4296 12.
634 4231 807 4316 Reliquum
830 4235 957 4317 tempus
980 4254 1082 4316 usque
1104 4233 1145 4296 ad
1168 4232 1343 4298 diluculum
1367 4237 1400 4299 01
1423 4255 1516 4299 mane
1538 4239 1807 4318 consumpserunt
1829 4235 1862 4299 in

479 4339 651 4426 affligendo
675 4336 812 4403 Christo.
854 4337 988 4404 Summo
1007 4360 1099 4403 mane
1117 4340 1287 4423 pontifices
1305 4346 1499 4428 congregato
1506 4339 1545 4428 ¹⁸)
1564 4341 1701 4407 concilio
1720 4342 1861 4426 primum

479 4447 613 4512 audiunt
636 4444 809 4530 Christum,
831 4451 956 4531 postea,
985 4467 1058 4511 cum
1081 4445 1185 4512 adhuc
1208 4452 1291 4513 00001
1314 4470 1415 4532 mane,
1437 4446 1576 4536 non-l&
1597 4447 1759 4535 2ll)dum
1783 4449 1863 4514 hora

479 4555 582 4638 tertia,
606 4553 792 4619 imminente
814 4553 894 4619 hora
916 4554 972 4619 illa
995 4554 1116 4617 ducunt
1139 4553 1179 4619 ad
1197 4554 1345 4620 Pilatum.
1389 4554 1438 4621 Ibi
1461 4556 1639 4622 accusando
1663 4557 1863 4622 consumitur

480 4662 545 4728 fere
572 4662 653 4726 hora
680 4661 788 4745 tertia,
820 4662 866 4726 ita
896 4664 935 4724 ut
961 4660 1027 4727 fere
1054 4666 1138 4728 00001
1165 4667 1256 4728 sexta
1281 4664 1375 4748 hora,
1407 4667 1578 4749 antequam
1600 4663 1783 4730 'crucifixus
1815 4668 1864 4730 est

480 4769 634 4835 Christus.
681 4768 753 4834 Hoc
775 4772 837 4853 est,
865 4768 951 4853 quod
974 4767 1146 4855 Maeusfl)
1170 4769 1290 4855 inquit,
1313 4770 1475 4836 Christum
1499 4768 1574 4859 1¹³)
1599 4770 1803 4857 crucifixum,
1831 4775 1864 4838 et

479 4874 700 4962 lohannes¹⁹),
723 4876 809 4962 quod
832 4877 965 4961 propior
983 4876 1011 4940 6.
1032 4881 1107 4963 erat,
1131 4900 1228 4961 quam
1250 4879 1359 4964 tertia;
1380 4878 1444 4944 hoc
1466 4883 1527 4945 est:
1550 4876 1602 4943 Ab
1620 4879 1702 4944 hora
1719 4879 1749 4944 9.
1768 4902 1863 4945 mane

480 4986 624 5050 viserunt
642 4983 783 5049 Pilatum
806 4985 930 5069 Judaei,
953 4990 990 5050 ut
1011 4983 1107 5051 Jesus
1130 4984 1345 5072 crucifigatur,
1368 4986 1454 5070 quod
1476 4987 1532 5050 vix
1554 4986 1684 5052 tandem
1705 4986 1787 5052 hora
1814 4988 1863 5053 12.

481 5094 706 5178 impetrarim,
734 5096 766 5157 et
793 5093 878 5158 circa
906 5093 970 5178 12,
1001 5113 1075 5158 cum
1102 5093 1300 5179 aliquamdiu
1328 5093 1363 5158 in
1389 5114 1482 5160 cruce
1509 5093 1727 5179 pependisset,
1757 5094 1864 5162 factae
