4667 6109
474 703 539 769 362
872 701 1035 775 {ttfirtttu
1055 709 1106 765 aas
1126 702 1302 775 tantum!
1321 702 1457 776 tantm
1727 704 1784 765 nt.
1799 706 1859 763 tot

561 866 620 955 (6.
636 867 716 956 209)
757 868 787 933 3.
820 868 1051 935 Promissiones
1083 890 1149 934 non
1181 870 1216 934 in
1247 870 1309 934 hoo
1340 870 1456 934 dantur
1486 871 1632 955 proprie,
1663 874 1700 935 ut
1730 872 1858 956 gratiae

473 975 543 1041 Deo
567 980 715 1061 agentur,
742 976 798 1042 sed
824 980 862 1041 ut
884 977 979 1041 rebus
1006 976 1173 1061 promissis
1196 976 1353 1061 fruamur,
1381 980 1418 1041 ut
1445 976 1571 1061 qnando
1594 975 1682 1042 Deus
1703 977 1858 1060 promisit

473 1082 636 1148 Abraham
654 1083 850 1168 posteritatis
870 1083 1171 1169 multiplicationem
1178 1081 1214 1171 ²),
1231 1105 1297 1148 non
1315 1084 1378 1149 hoo
1396 1084 1524 1169 proprie
1542 1085 1618 1170 egit,
1637 1088 1672 1148 ut
1688 1082 1857 1149 Abraham

472 1190 514 1255 ad
536 1190 709 1276 gratiarum
733 1191 889 1255 sotionem
914 1192 1066 1257 excitaret
1085 1229 1126 1237 —
1146 1192 1293 1275 quamvis
1316 1195 1349 1255 et
1371 1192 1434 1257 hoo
1456 1192 1588 1257 aooessit
1605 1228 1662 1275 -,
1686 1191 1741 1256 sed
1765 1194 1803 1256 ut
1822 1193 1857 1256 in

473 1296 657 1362 Abrahamo
685 1297 781 1363 fidem
810 1297 949 1363 effioeret
976 1303 1008 1363 et
1034 1298 1210 1384 perfidem
1235 1297 1433 1382 justificaret.
1478 1297 1525 1363 Et
1545 1294 1695 1377 Derifii⁸i
1718 1320 1857 1385 regnum

472 1405 623 1489 promisit
649 1426 715 1469 non
743 1406 776 1469 in
802 1405 864 1469 hoo
890 1406 1033 1491 proprie,
1060 1410 1097 1470 ut
1121 1406 1242 1492 gratiae
1265 1409 1449 1492 agerentur,
1476 1406 1531 1470 sed
1558 1409 1595 1470 ut
1620 1404 1725 1472 David
1753 1428 1856 1493 regno

473 1512 645 1597 potiretur,
676 1534 740 1596 quo
773 1511 886 1577 deinde
917 1513 950 1576 in
977 1510 1100 1577 Davido
1127 1513 1301 1599 gratiarum
1329 1514 1413 1578 aetio
1443 1514 1581 1578 excitata
1607 1516 1658 1578 est
1687 1516 1856 1596 tamquam

473 1620 596 1684 fruetus
619 1623 823 1704 aooeptornm
846 1618 1011 1702 donorum,
1033 1641 1098 1685 non
1116 1623 1282 1704 tamqnam
1304 1641 1399 1685 cansa
1422 1621 1651 1705 promissionis.
1692 1618 1732 1685 In
1756 1642 1857 1685 eoena

474 1730 580 1792 antem
603 1724 773 1791 Dominiea
795 1727 1023 1811 promissiones
1047 1727 1191 1813 eorporis
1214 1732 1247 1792 et
1269 1728 1434 1814 sanguinis
1458 1749 1527 1813 seu,
1553 1731 1590 1791 ut
1611 1727 1717 1792 verius
1741 1727 1857 1811 dioam,

474 1837 655 1918 praesentes
678 1833 890 1899 exhibitiones
914 1835 1041 1919 dantur3
1069 1839 1117 1899 est
1144 1834 1245 1921 igitur
1272 1836 1420 1900 instituta
1444 1856 1543 1900 ooena
1570 1834 1610 1898 ad
1633 1834 1856 1919 accipiendum

474 1941 596 2025 aliquid
618 1962 637 2005 a
654 1939 733 2024 Deo,
756 1942 901 2024 quemvis
924 1941 1007 2028 grati
1027 1942 1125 2006 animi
1144 1941 1195 2025 sit,
1218 1940 1402 2027 aooipiendo
1421 1941 1541 2007 donum
1558 1940 1689 2007 reddere
1707 1944 1857 2029 gratiam.

562 2047 591 2110 4.
623 2045 704 2114 Item
734 2046 910 2135 Christum)
939 2049 1056 2132 inquit:
1085 2048 1181 2133 „Hoc
1207 2049 1303 2114 facite
1330 2050 1364 2114 in
1391 2049 1454 2114 mei
1481 2049 1857 2114 commemorationem!“

474 2155 519 2220 Et
540 2151 705 2242 Panlus⁶):
727 2154 1020 2240 „Quotiescumque
1042 2156 1309 2222 manducaveritis
1332 2161 1400 2240 eto,
1423 2160 1559 2221 mortem
1578 2155 1711 2221 Domini
1732 2178 1857 2222 annun-

474 2261 623 2328 tiabitis.“
667 2262 740 2327 Jam
773 2263 829 2327 illa
859 2263 1060 2328 annuntiatio
1092 2285 1157 2328 non
1188 2268 1237 2329 est
1267 2266 1396 2349 proprie
1428 2265 1575 2329 instituta
1606 2263 1647 2328 ad
1679 2264 1857 2350 gratiarum

475 2371 648 2453 sotionem,
676 2370 732 2434 sed
758 2370 798 2434 ad
825 2371 1024 2436 excitandam
1052 2372 1147 2436 fidem
1177 2375 1210 2436 et
1237 2372 1420 2458 erigendam
1447 2370 1659 2436 conscientiae
1687 2371 1857 2437 imbecilli-

475 2482 581 2543 tatem.
625 2475 678 2542 Sio
700 2499 760 2543 neo
782 2478 816 2542 in
839 2475 954 2562 nube⁶)
978 2478 1147 2543 Dominioa
1169 2479 1363 2564 praedicatio
1386 2479 1450 2544 huo
1472 2481 1598 2543 tantum
1621 2478 1797 2561 spectabat,
1820 2482 1859 2543 ut

476 2586 594 2672 gratias
617 2584 686 2650 Deo
709 2606 855 2671 agamus,
879 2585 934 2650 sed
956 2589 993 2649 ut
1015 2585 1224 2650 instituamur
1246 2586 1279 2651 in
1298 2586 1425 2669 justitia
1446 2590 1480 2650 et
1501 2586 1751 2650 consolationem
1776 2586 1858 2650 aoei-

474 2693 608 2778 piamus.
656 2691 869 2776 Consequitur
891 2714 981 2778 ergo,
1008 2713 1140 2757 ooenam
1163 2693 1203 2757 ad
1226 2692 1361 2758 eundem
1384 2693 1481 2758 finem
1504 2693 1686 2758 institutam
1709 2714 1792 2777 esse,
1816 2692 1858 2757 ad

475 2823 569 2884 quem
594 2800 707 2865 mortis
729 2798 917 2865 Dominioae
940 2800 1140 2865 annuntiatio
1164 2804 1293 2885 spectet.

563 2906 593 2972 5.
625 2906 706 2973 Item
726 2906 993 2992 quemadmodum
1016 2930 1098 2992 pane
1116 2908 1242 2994 vulgari
1261 2909 1427 2992 vescimur,
1448 2912 1486 2972 ut
1509 2928 1624 2993 eorpus
1647 2908 1779 2990 alamus,
1802 2908 1859 2973 hio

475 3019 524 3082 est
546 3016 731 3102 principalis
754 3015 827 3080 finis
851 3035 923 3079 esus
947 3015 1134 3099 corporalis,
1161 3037 1201 3080 ex
1224 3037 1287 3099 quo
1311 3018 1423 3100 postea
1446 3015 1547 3080 oritur
1572 3014 1744 3102 gratiarum
1771 3014 1858 3080 aetio

475 3146 541 3189 non
563 3126 727 3207 tamquam
750 3122 833 3205 finis,
856 3121 911 3186 sed
934 3126 1098 3206 tamquam
1120 3123 1217 3186 finem
1241 3143 1448 3205 consequens,

565 3230 594 3294 6.
626 3229 670 3294 Et
687 3233 724 3295 ut
742 3230 941 3314 baptizamur
963 3251 1028 3294 non
1047 3230 1086 3294 ad
1105 3229 1279 3316 gratiarum
1298 3229 1467 3313 sotionem,
1490 3228 1545 3294 sed
1562 3229 1601 3293 ad
1620 3227 1858 3293 absolutionem

476 3338 618 3404 sordium
641 3338 764 3403 animae
792 3342 824 3403 ot
850 3341 888 3402 ut
909 3360 966 3422 per
987 3338 1149 3402 lavacrum
1175 3337 1423 3422 regenerationis
1451 3337 1586 3401 salutern
1615 3356 1860 3419 consequamur,

475 3447 551 3512 lieet
577 3446 727 3531 baptismi
756 3445 876 3510 donum
903 3444 1047 3529 sequitur
1073 3444 1106 3508 in
1135 3444 1281 3508 credente
1304 3445 1478 3529 gratiarum
1503 3443 1600 3526 aetio,
1628 3443 1672 3507 ita
1697 3442 1860 3507 veseimnr

476 3575 559 3640 pane
585 3552 755 3618 Dominieo
785 3573 901 3618 ooenae
927 3551 968 3616 ad
995 3549 1201 3634 pascendam,
1228 3554 1264 3615 ut
1291 3551 1338 3615 sio
1360 3551 1478 3634 dicam,
1506 3549 1745 3632 conscientiam,
1774 3571 1860 3632 quae

476 3657 621 3747 paesta⁷)
651 3659 794 3746 exsurgit
820 3659 855 3723 in
881 3658 1055 3746 gratiarum
1083 3658 1241 3724 actionem
1273 3679 1339 3722 non
1365 3662 1529 3742 tamquam
1556 3657 1667 3739 finem,
1699 3655 1754 3721 sed
1781 3657 1860 3721 finis

477 3772 634 3835 eventum.

567 3876 595 3939 7.
613 3874 718 3941 Nemo
732 3875 1104 3960 papistarum,quantum
1114 3895 1175 3960 ego
1185 3873 1261 3957 seio,
1276 3873 1354 3938 dieit
1366 3873 1474 3955 laicos,
1484 3892 1564 3956 quos
1575 3873 1699 3953 vocant,
1709 3866 1860 3957 (&.300)

478 3983 741 4049 communicando
765 4004 889 4049 ssorum
912 3981 981 4047 Deo
1005 3982 1122 4064 faeere,
1145 3980 1201 4045 sed
1223 3981 1331 4065 potius
1354 3980 1495 4045 fatentur
1517 3979 1581 4062 illi,
1607 3978 1706 4042 laioos
1729 3997 1861 4044 eaerum

478 4091 627 4175 aooipore.
673 4087 775 4176 Qna⁸)
798 4091 897 4177 igitur
919 4089 1118 4174 impudentia
1140 4087 1258 4152 audent
1281 4087 1449 4152 saorifiouli
1472 4085 1545 4181 plus
1569 4085 1629 4150 sibi
1653 4105 1801 4169 arrogare
1825 4088 1861 4150 et

477 4220 630 4283 usurpare
648 4198 687 4263 de
707 4219 804 4263 coena
817 4197 996 4280 Dominios,
1015 4217 1108 4280 qnam
1130 4195 1226 4260 laici?
1259 4193 1359 4271 Quam
1378 4194 1523 4277 utrisque
1544 4192 1690 4257 similiter
1709 4189 1861 4257 Christus

477 4307 617 4372 instituit
638 4328 697 4373 neo
719 4307 775 4371 uni
799 4305 903 4370 ordini
925 4305 1007 4389 plus,
1031 4325 1126 4388 quam
1150 4302 1249 4368 alteri.

748 4456 942 4523 Exercitatio
965 4454 1039 4520 fidei

717 4569 748 4632 et
771 4563 970 4630 confirmatio
996 4583 1068 4628 oon-
1285 4560 1359 4625 finis

818 4670 967 4736 scientiae
1122 4672 1171 4734 est
1480 4665 1615 4730 coenae!

1220 4778 1351 4840 eventus
1375 4795 1430 4839 seu

748 4884 927 4952 Gratiarum
951 4885 1035 4950 sotio
1227 4903 1422 4966 consequens

567 5055 592 5124 1)
611 5053 691 5125 eicie
705 5053 752 5110 su.
767 5057 862 5122 usqe.
883 5084 916 5093 -
940 5054 967 5123 s)
987 5049 1223 5118 1.Mos.17‚1ot.
1244 5081 1277 5090 -
1302 5052 1328 5119 a)
1347 5053 1371 5102 a.
1388 5046 1459 5102 Sam.
1477 5051 1501 5113 ι,
1513 5050 1554 5100 re.
1574 5077 1607 5086 -
1632 5047 1658 5111 4)
1677 5043 1742 5097 Luc.
1758 5048 1803 5110 ss,
1816 5048 1860 5101 19.
