4667 6109
909 683 1073 755 fleitellus,
1092 683 1145 746 Die
1164 682 1319 756 illicem
1338 693 1392 745 m
1411 683 1489 741 loto
1655 681 1708 743 stt.
1722 682 1896 743 tel—226⁸

724 865 807 936 224.
835 868 1001 936 «Iudicium
1023 869 1061 934 dc
1082 868 1266 952 reponens.

599 993 793 1059 ‘Misnenses
816 996 892 1058 sunt
914 993 1043 1080 superbi
1067 996 1100 1058 et
1129 995 1281 1080 arrogant
1309 992 1371 1057 sibi
1395 991 1583 1078 sapientiam
1591 988 1632 1081 ¹),
1662 1013 1757 1076 quam
1788 994 1896 1056 tamen

511 1124 576 1167 non
599 1101 727 1167 habent
772 1100 930 1188 Thuringi
959 1104 1034 1166 sunt
1057 1099 1229 1166 inofficiosi
1257 1104 1289 1165 et
1311 1101 1502 1186 pleoneotes.
1549 1098 1685 1164 Bohemi
1712 1098 1797 1164 fastu
1824 1097 1896 1163 reli-

512 1231 593 1294 quos
617 1209 757 1274 vineunt.
804 1207 920 1273 Bavari
939 1211 1014 1273 sunt
1036 1208 1127 1273 stulti
1151 1210 1184 1272 et
1207 1228 1272 1271 non
1295 1206 1463 1293 ingeniosi,
1486 1228 1566 1291 quae
1590 1205 1718 1291 quidem
1741 1228 1791 1270 res
1810 1205 1897 1289 facit,

511 1320 549 1383 ut
570 1316 637 1382 sint
658 1316 833 1401 probiores.
878 1313 993 1381 Phenei
1017 1318 1050 1380 et
1068 1313 1165 1381 Suevi
1189 1319 1264 1379 sunt
1287 1314 1448 1399 nimpheos
1467 1318 1500 1379 et
1517 1313 1611 1399 probi
1630 1312 1775 1379 officiosi.
1821 1310 1897 1378 Hel·

511 1424 588 1489 vetii
612 1427 689 1488 sunt
710 1423 806 1508 primi
831 1420 1075 1506 Germanorum,
1098 1421 1248 1500 animosi,
1279 1420 1413 1486 candidi.
1460 1418 1630 1507 Vandali¹)
1654 1423 1730 1485 sunt
1756 1420 1842 1486 fures
1865 1424 1898 1484 et

512 1531 687 1618 pessimum
702 1551 803 1616 genus
816 1529 992 1594 hominum.
1031 1526 1239 1609 ilibetlenber,
1259 1528 1383 1612 Batavi,
1401 1526 1495 1612 ieinbt
1508 1526 1599 1614 reduc
1615 1524 1728 1612 qoudel
1741 1523 1897 1612 meuldin.

512 1638 699 1704 Rhenenses
723 1633 833 1723 liubi⁸)
857 1632 1043 1721 eeqqmieu
1067 1634 1254 1703 theutonem
1277 1635 1339 1703 unb
1362 1632 1584 1721 touclioiftiq?

602 1775 689 1831 Math.
709 1775 743 1831 N.
759 1781 806 1844 δὴ
826 1774 1095 1843 Goth.B.1es,eo;
1113 1774 1188 1830 Hirr.
1206 1779 1270 1841 1403
1289 1773 1376 1830 Rhed.
1393 1780 1452 1829 128.

606 1940 631 2008 1)
650 1937 713 2007 illie
731 1937 790 2009 luith
809 1943 838 1995 ee
856 1936 928 2007 idion
946 1952 978 2008 eu
996 1935 1108 2008 lutiae
1126 1935 1199 2007 Reii:
1218 1934 1278 1991 heir
1296 1934 1408 2006 &otiien
1426 1935 1479 2005 lein
1497 1936 1574 2007 heile!
1611 1968 1644 1977 -
1682 1939 1709 2007 2)
1727 1936 1775 1994 lit.
1796 1941 1855 2004 140,
1875 1943 1898 1991 1.

514 2060 547 2069 -
586 2031 612 2098 3)
635 2026 696 2082 Par.
717 2036 769 2084 one
787 2026 843 2098 hiet
861 2027 894 2082 ob
913 2025 1056 2097 [uuinton.

728 2241 812 2310 225.
844 2242 1021 2309 Demea
1029 2241 1063 2329 ¹).

604 2367 684 2434 Gum
709 2389 907 2452 caneremus,
934 2368 1017 2434 dixit
1042 2367 1179 2434 Doeter:
1218 2366 1281 2436 ‘hs
1309 2365 1428 2435 mertui
1455 2366 1525 2454 uod)
1556 2366 1613 2436 eIIe
1637 2366 1784 2455 usuique
1807 2366 1902 2435 brutii

514 2474 645 2544 meieni
691 2471 776 2542 ilion
795 2472 889 2542 brutii
907 2474 967 2541 roei
987 2474 1017 2560 ie
1036 2474 1080 2542 eii
1098 2472 1222 2558 turice?
1243 2513 1284 2521 -
1304 2474 1387 2540 'lum
1406 2477 1529 2561 plures:
1566 2473 1668 2560 „Sunt
1686 2475 1902 2541 dialectieee!“

514 2583 598 2650 'I'um
621 2582 757 2648 Doetor:
794 2579 933 2649 ‘limen
952 2580 1046 2667 icini!
1082 2581 1175 2648 Unus
1198 2580 1369 2667 Philippus
1388 2582 1518 2668 scripsit
1539 2582 1755 2667 dialecticam,
1778 2604 1817 2648 ex
1839 2582 1903 2647 hoc

515 2691 605 2756 fonte
633 2689 788 2754 hauriunt
810 2711 935 2773 omnes,
964 2693 998 2755 et
1026 2710 1120 2755 nemo
1152 2689 1334 2773 assequitur
1356 2688 1558 2775 Philippum,
1586 2690 1704 2756 nedum
1734 2694 1903 2776 exsuperet

516 2798 725 2884 Philippum?

729 2971 843 3042 225⁰).
881 2972 957 3041 (Bar.
980 2978 1007 3038 1,
1028 2976 1091 3043 646)
1117 2974 1196 3031 Filio
1227 2989 1277 3031 seeo
1304 2974 1409 3030 Doctor
1437 2974 1582 3032 Martinus
1608 2975 1718 3044 scripsit
1744 2972 1815 3029 tanc
1842 2973 1902 3028 clio·

883 3062 1010 3118 lecticam.
1040 3067 1119 3119 1540.

608 3171 720 3226 ‘Plures
739 3169 824 3226 hodie
847 3168 975 3224 scribunt
993 3169 1171 3237 dialecticas,
1195 3168 1243 3225 sed
1262 3188 1335 3225 unus
1353 3169 1502 3240 Philippus
1521 3169 1635 3239 scripsit
1653 3168 1845 3239 dialecticam,
1869 3187 1903 3226 er

518 3278 573 3329 quo
591 3261 669 3315 fonte
688 3259 789 3328 reliqui
809 3275 905 3314 ornnes
923 3258 1058 3314 hauriunt
1075 3275 1139 3328 suu,
1163 3261 1193 3315 et
1209 3276 1291 3315 nemo
1309 3262 1405 3314 tarum
1423 3259 1584 3328 assequitur
1601 3257 1778 3330 Philippum,
1801 3258 1904 3315 nedum

517 3352 551 3404 ut
568 3352 701 3419 superent
719 3365 789 3403 eum.
824 3348 883 3418 Ego
903 3347 1056 3417 aliquando
1074 3365 1125 3419 pre
1144 3348 1203 3404 filio
1221 3365 1284 3405 meo
1303 3348 1425 3405 scribam
1442 3348 1526 3404 breve
1545 3348 1750 3418 compendium,
1769 3364 1834 3403 nam
1847 3366 1904 3403 une

518 3441 604 3506 atque
623 3437 710 3493 altero
730 3439 880 3507 praecepto
899 3439 993 3506 petest
1010 3437 1081 3491 haee
1100 3453 1145 3491 ars
1162 3437 1246 3493 tradi.
1279 3437 1368 3494 Nebis
1381 3438 1476 3508 pueris
1490 3454 1571 3493 nemo
1586 3437 1733 3493 intellexit.
1767 3437 1827 3510 lige
1841 3455 1905 3494 cum

518 3543 608 3583 essem
625 3526 770 3597 magister,
789 3525 877 3580 ineidi
898 3526 928 3581 in
946 3526 1090 3594 Boetium;
1109 3526 1150 3582 ibi
1168 3526 1227 3582 vidi
1245 3544 1327 3582 usum
1345 3527 1469 3598 aliquem
1487 3543 1612 3583 mearum
1630 3544 1730 3583 rerum.

607 3615 680 3670 Nam
703 3617 765 3671 tete
788 3614 939 3670 dialectiea
961 3618 1088 3670 versatur
1110 3615 1141 3671 in
1165 3615 1208 3669 di·
1226 3616 1302 3685 (st.
1324 3622 1348 3684 1,
1368 3619 1431 3687 est)
1449 3615 1569 3684 visione,
1593 3615 1757 3672 delinitione
1776 3619 1805 3672 et
1822 3632 1905 3688 ergu-

518 3706 700 3772 mentstione,
719 3720 805 3776 quam
823 3720 874 3759 nos
893 3704 1087 3760 collectionem
1106 3722 1248 3761 vocamus:

608 3795 715 3849 Divisio
729 3794 815 3862 videt,
833 3811 869 3850 ne
882 3810 934 3849 vox
949 3794 986 3849 sit
1000 3795 1140 3866 ambigua.
1179 3795 1287 3850 Erroris
1305 3797 1396 3849 meter
1414 3797 1458 3849 est
1476 3794 1670 3865 eequivooatie
1685 3812 1801 3866 semper.
1835 3793 1904 3849 (lum

519 3886 660 3956 igiturex
679 3884 831 3952 aequivoco
850 3883 882 3938 fit
899 3883 1057 3951 univocum,
1076 3886 1144 3938 tune
1162 3884 1232 3939 certi
1251 3900 1354 3951 sumus,
1374 3883 1484 3953 deque
1503 3900 1532 3937 re
1551 3884 1583 3938 fit
1597 3899 1693 3938 sermo.
1727 3883 1837 3939 Rustici
1851 3884 1905 3939 hoe

521 3974 609 4031 etiam
627 3972 775 4043 eolligunt,
794 3973 819 4028 si
838 3973 1006 4043 simpliciter
1023 3973 1059 4027 de
1077 3973 1131 4027 hac
1149 3990 1179 4027 re
1198 3972 1407 4027 admoneantur.

610 4061 781 4117 Divisienem
804 4063 931 4131 sequitur
949 4062 1084 4118 delinitio.
1122 4061 1164 4117 Ea
1179 4061 1305 4131 judicat,
1328 4061 1397 4133 quid
1416 4061 1457 4115 rei
1476 4061 1515 4116 sit
1532 4061 1571 4129 id,
1590 4061 1625 4116 de
1644 4078 1699 4131 que
1718 4077 1808 4116 sermo
1826 4060 1906 4116 insti·

520 4153 617 4209 tuitur.
656 4150 820 4206 Conteritur
841 4154 937 4206 eutem
959 4151 1035 4207 bone
1058 4151 1186 4207 definitio
1209 4167 1242 4207 ex
1266 4154 1387 4222 quatuor
1410 4151 1510 4206 censis.
1549 4149 1658 4205 Rustici
1681 4150 1711 4205 id
1735 4167 1846 4220 quoque
1864 4151 1906 4205 in-

520 4241 661 4313 telligunt.
691 4239 757 4299 &oe
771 4240 818 4310 iile
836 4242 878 4311 tut
892 4242 935 4299 eiu
949 4242 1042 4314 biuqii
1065 4241 1142 4296 Haec
1161 4243 1205 4296 est
1222 4242 1348 4297 materia.
1379 4240 1436 4299 uu
1454 4241 1522 4310 illei
1545 4241 1652 4296 Forma.
1682 4240 1769 4298 worn
1787 4242 1907 4312 lumerto?

521 4331 653 4386 Effectus.
691 4331 788 4402 mareu
806 4330 911 4388 timisi
942 4330 1027 4386 Finis.
1065 4331 1126 4385 Hee
1152 4331 1240 4402 igitur
1264 4347 1366 4386 causae
1388 4332 1565 4387 constituunt
1581 4330 1684 4386 benem
1708 4329 1906 4386 definitionem.

609 4422 712 4476 Postea
726 4420 854 4488 sequitur
866 4420 941 4476 bona
955 4420 1170 4492 argumentatio.
1203 4420 1245 4475 lie
1259 4420 1368 4492 colligit
1386 4421 1416 4476 et
1432 4420 1507 4477 bona
1526 4420 1688 4475 definitione
1707 4423 1737 4476 et
1754 4423 1829 4476 certe
1843 4437 1908 4475 een·

522 4511 612 4567 eludit
630 4510 784 4566 seeundum
801 4510 914 4580 regulas
933 4510 1204 4581 consequentiarum,
1223 4527 1295 4581 quae
1314 4511 1411 4582 negari
1430 4527 1486 4566 non
1504 4513 1629 4581 possunt.

613 4599 715 4655 Postea
734 4598 844 4654 aceedit
861 4599 1009 4655 rhetorica.
1047 4599 1088 4654 lia
1106 4599 1190 4655 addit
1207 4603 1338 4655 ornatum
1360 4598 1490 4670 partibus
1513 4599 1688 4655 collectionis
1711 4600 1741 4654 et
1758 4598 1862 4653 dssnmt
1879 4601 1909 4654 et

523 4690 647 4761 explieat
665 4688 701 4743 eb
716 4687 894 4758 impossibili,
913 4689 989 4758 (Bas.
1006 4696 1030 4756 1,
1045 4692 1108 4758 648)
1126 4689 1293 4755 necessario,
1311 4687 1429 4744 honesto
1449 4691 1478 4744 et
1496 4688 1568 4744 utili.
1601 4687 1727 4743 Summe:
1752 4687 1908 4743 Dialectiea

523 4780 613 4846 docet,
631 4778 772 4833 rhetorice
791 4777 898 4833 suadet.
935 4778 1039 4833 Paulus
1057 4780 1209 4848 utrumque
1222 4777 1252 4831 in
1270 4777 1349 4833 Rom.
1370 4778 1470 4847 hebet,
1488 4778 1538 4848 qui
1558 4777 1641 4833 decet
1659 4778 1688 4831 in
1702 4777 1840 4842 doctrina,
1860 4777 1909 4846 qui

523 4870 686 4924 exhortatur
706 4868 736 4923 in
757 4867 958 4924 exhortatione.
998 4866 1042 4924 iio
1061 4866 1121 4938 fleti
1143 4866 1294 4922 dialectiea
1312 4869 1365 4924 ouh
1389 4867 1540 4923 rhetorical
1579 4865 1633 4922 Sed
1656 4866 1737 4922 nobis
1762 4867 1856 4937 pueris
1880 4869 1910 4922 et

523 4959 626 5013 nestris
648 4956 879 5029 praeceptoribus
902 4974 983 5012 neme
1007 4957 1205 5028 persuasisset,
1231 4956 1408 5012 dialecticam
1427 4960 1457 5013 et
1473 4956 1643 5012 rhetoricam
1661 4972 1721 5013 esse
1739 4955 1768 5010 in
1787 4956 1908 5026 epistola

524 5048 561 5103 ad
580 5049 658 5104 Item.
679 5051 729 5103 ant
752 5047 781 5102 in
801 5046 940 5103 (lieerone.
978 5045 1036 5105 eeu
1058 5046 1185 5104 uitium:
1214 5045 1295 5101 Plato
1318 5047 1417 5116 currit,
1440 5046 1524 5102 homo
1546 5046 1684 5116 loquitur,
1708 5048 1756 5103 tos
1780 5056 1845 5103 loeti
1868 5046 1908 5104 tie
