4667 6109
477 696 542 763 206
876 694 1038 767 flattena,
1058 695 1111 756 878
1129 694 1285 767 §liutem
1304 704 1358 756 m
1376 694 1453 754 1818
1644 696 1697 756 878.
1712 695 1782 764 878,
1797 696 1855 754 877

473 864 600 928 creatur
626 861 734 926 anima
761 883 834 927 cum
861 882 994 947 corpore
1019 864 1131 928 contra
1152 861 1336 947 Platonem,
1363 865 1395 926 et
1418 861 1504 947 quod
1527 883 1637 927 ornnes
1659 864 1860 950 oppugnant,

473 989 533 1054 ego
556 968 660 1034 sentio
681 969 821 1033 animam
839 990 906 1034 uon
923 969 1120 1036 extrinsecus
1137 968 1295 1054 accedere,
1318 968 1373 1035 sed
1391 990 1431 1035 ex
1449 969 1582 1035 materia
1600 969 1730 1035 seminis
1748 969 1859 1048 creari,

473 1079 505 1139 et
527 1075 607 1142 haec
629 1080 678 1140 est
701 1097 772 1141 mea
794 1076 885 1159 ratio,
908 1075 993 1160 quia,
1017 1077 1045 1140 si
1067 1076 1195 1141 aliunde
1217 1076 1390 1159 accederet,
1412 1079 1482 1141 tum
1505 1076 1598 1141 fieret
1619 1077 1726 1142 anima
1743 1076 1858 1141 saltem

473 1181 697 1270 contagione⁴)
729 1183 827 1267 mala,
858 1182 914 1248 sed
946 1183 1052 1247 anima
1083 1204 1149 1247 non
1181 1186 1231 1248 est
1262 1204 1320 1267 per
1351 1182 1496 1249 accidens
1524 1183 1621 1269 mala,
1653 1182 1708 1249 sed
1735 1186 1859 1248 natira

472 1287 577 1376 lgitur
608 1289 750 1355 nascitur
781 1311 820 1354 ex
852 1294 1004 1374 corrupta
1030 1290 1164 1355 materia
1192 1293 1225 1354 et
1251 1286 1402 1376 semiue⁶)
1430 1292 1464 1355 et
1489 1311 1509 1354 a
1536 1287 1605 1356 Deo
1633 1286 1792 1378 creaturl)
1819 1311 1859 1355 ex

473 1396 607 1462 materia
629 1395 763 1462 masculi
786 1399 819 1461 87
840 1395 1006 1462 femellae?

564 1535 653 1590 Malli,
667 1534 702 1591 N.
718 1540 752 1590 88
771 1539 853 1604 8178,
872 1534 954 1591 Goth.
968 1536 999 1590 B.
1016 1535 1152 1604 188878
1171 1535 1246 1591 Hira.
1263 1534 1341 1603 155²’;
1359 1534 1448 1591 Rhed
1465 1541 1524 1592 loe.

565 1680 591 1748 1)
609 1677 657 1736 ar.
678 1684 739 1746 874,
759 1685 772 1733 1
793 1679 847 1736 unt
865 1684 890 1735 8.
929 1710 962 1720 -
999 1682 1026 1749 8)
1049 1678 1148 1746 ahod,
1167 1677 1266 1751 8887771)
1285 1678 1374 1733 118718.
1393 1679 1428 1734 N.
1446 1679 1501 1735 888
1519 1677 1607 1733 Hirr:
1632 1680 1664 1748 -)-
1684 1678 1760 1748 quod
1778 1678 1859 1745 dicit,

473 1767 595 1822 animam
614 1783 676 1822 8888
694 1784 728 1822 ex
747 1768 871 1823 traduce.
909 1801 941 1808 —
980 1771 1006 1838 8)
1027 1774 1050 1822 1.
1069 1767 1139 1822 llos.
1158 1773 1184 1836 8,
1200 1773 1223 1821 7.
1262 1800 1295 1808 -
1332 1770 1360 1839 4)
1377 1767 1454 1837 text:
1473 1768 1659 1839 cogitatione3
1678 1767 1740 1822 Par.
1758 1767 1857 1839 8788778.

473 1889 508 1897 -
540 1858 568 1925 8)
585 1856 661 1911 Pan:
682 1889 715 1899 —
733 1860 763 1912 87
780 1857 899 1924 8818788,
918 1862 952 1926 «Ι-
971 1872 1059 1926 qnare
1077 1856 1177 1924 888778,
1196 1856 1320 1911 animam
1339 1873 1373 1913 ex
1390 1857 1515 1912 traduce.
1549 1888 1582 1898 -
1620 1860 1647 1924 8)
1665 1856 1741 1912 Per:
1760 1857 1859 1911 creari.

687 2053 770 2124 376.
803 2054 1032 2143 18888ᾰὲ8871)
1056 2056 1302 2140 dandamim
1325 2055 1519 2122 Donatistae.

561 2181 646 2269 ‘Ego
674 2181 782 2267 credo,
809 2181 1041 2267 anabaptistae,
1068 2181 1124 2266 qui
1152 2203 1187 2246 se
1210 2181 1362 2266 jactitant
1388 2180 1532 2267 Angelos
1557 2179 1631 2265 Dei,
1658 2181 1792 2246 emissos
1818 2179 1860 2245 ad

472 2288 697 2375 purgationem
725 2288 850 2372 mundi,
878 2288 912 2353 in
938 2310 1022 2354 anno
1045 2286 1111 2372 40,
1138 2309 1208 2354 esse
1235 2287 1459 2373 incendiarios,
1486 2288 1562 2372 quia
1589 2309 1622 2353 88
1649 2287 1736 2371 ipsos
1763 2287 1860 2351 inter·

473 2394 587 2460 ficiunt
612 2399 645 2460 et
666 2393 749 2460 nihil
772 2394 914 2460 fatentur
937 2399 969 2460 87
992 2394 1139 2479 credunt,
1166 2416 1202 2460 se
1223 2394 1294 2460 fieri
1317 2398 1486 2479 martyres,
1513 2398 1550 2460 87
1572 2392 1775 2478 Donatistae,
1803 2393 1860 2478 qui

473 2502 729 2588 praecipitabant
756 2523 790 2567 se
818 2502 853 2566 in
879 2523 993 2587 aquas,
1020 2502 1059 2567 de
1086 2502 1230 2567 turribus
1258 2506 1290 2566 et
1317 2501 1402 2567 saxis
1430 2506 1463 2567 et
1488 2500 1641 2587 petebant
1662 2523 1681 2566 8
1703 2505 1861 2585 praetere

474 2609 620 2694 nutibus,
656 2614 693 2675 ut
729 2608 948 2675 occiderentur
983 2613 1016 2675 et
1051 2610 1165 2675 fierent
1201 2614 1365 2694 martyres.
1420 2606 1539 2675 Contra
1570 2629 1651 2693 qnos
1684 2606 1861 2691 disputavit

473 2713 708 2804 Augustinus²)
730 2721 764 2782 87
786 2716 876 2782 dicit:
907 2714 1002 2800 „Non
1024 2738 1141 2801 poena,
1163 2716 1219 2782 sed
1242 2737 1337 2782 causa
1359 2715 1438 2781 facit
1460 2714 1676 2801 martyrem.“'

563 2839 651 2896 1888.
666 2838 700 2892 Ν.
717 2844 769 2893 188
783 2838 835 2907 8.,
855 2837 936 2894 ooth.
952 2839 982 2893 8.
999 2844 1116 2907 18888.

565 2984 590 3052 1)
610 2981 691 3053 §ieie
709 2981 757 3038 nr.
777 2985 838 3051 808,
859 2988 881 3037 1.
911 3014 944 3022 -
977 2980 1236 3052 8887883188.
1273 2979 1860 3052 8888878881878878878871888888

474 3069 740 3214 ffitpprmlispptdt
759 3071 921 3142 88888888,
943 3070 1006 3125 Par.
1025 3070 1123 3142 87818778.
1160 3069 1218 3139 But
1236 3069 1319 3139 68888
1342 3070 1394 3141 ogi.
1415 3068 1505 3125 11878.
1524 3068 1558 3122 N.
1580 3074 1639 3134 188,
1659 3073 1688 3135 8,
1711 3068 1861 3140 7778788788

688 3301 771 3373 arr.
803 3304 958 3371 88888
979 3311 1118 3371 emar
1140 3304 1359 3388 8888888
1380 3309 1408 3370 a
1429 3303 1544 3370 888.

563 3427 663 3513 „tibet
690 3428 748 3497 888
777 3428 812 3514 ot
839 3427 1032 3517 7888887178),
1060 3430 1146 3515 qnod
1175 3430 1221 3496 878
1248 3433 1459 3495 contemnunt
1485 3433 1621 3495 mortem
1648 3433 1682 3494 87
1707 3449 1772 3492 nou
1796 3449 1861 3494 mc-

475 3537 599 3601 tuunt.“
644 3536 707 3601 Sed
728 3536 851 3602 Doctor
877 3538 996 3620 inquit:
1028 3535 1099 3618 ε38,
1126 3536 1175 3602 7117
1202 3558 1268 3601 888
1294 3536 1481 3622 intelligimt
1506 3539 1672 3620 peccatum
1698 3555 1758 3600 nec
1779 3536 1860 3599 78888

475 3642 545 3726 Β87,
568 3643 615 3709 878
638 3649 847 3709 excaecantur
869 3667 888 3708 a
910 3643 1058 3709 Diabolo.
1101 3643 1205 3721 Quare
1228 3665 1294 3708 non
1317 3647 1487 3729 anguntur,
1510 3647 1547 3708 ut
1570 3642 1680 3728 sancti,
1703 3643 1759 3726 qui
1781 3641 1862 3708 haec

475 3752 583 3815 omnia
605 3750 757 3816 sentiunt.
796 3749 953 3816 Diabolus
976 3750 1062 3815 enim
1085 3750 1229 3835 ipsorum
1252 3772 1344 3815 aures
1367 3754 1400 3815 et
1422 3751 1546 3815 animos
1569 3753 1657 3815 tenet
1677 3752 1862 3834 occupatos,

476 3856 533 3925 888
558 3855 596 3942 iic
618 3855 714 3944 878878
738 3855 839 3941 boten,
863 3876 934 3926 888
957 3855 1016 3944 leq,
1039 3865 1107 3926 888
1130 3875 1202 3925 mcc
1225 3854 1298 3939 niu,
1322 3855 1400 3925 8888
1423 3863 1490 3925 mcc
1513 3855 1553 3941 ire
1573 3854 1606 3923 tn
1625 3853 1671 3941 lin
1689 3854 1801 3942 88788,
1822 3858 1862 3920 87

475 3970 509 4030 87
530 3963 686 4029 Diabolus
709 3964 848 4029 infatuat
871 3965 997 4052 stultos,
1020 3970 1057 4031 87
1076 3964 1159 4030 nihil
1177 3963 1317 4049 audiant,
1339 3964 1402 4029 nisi
1419 3964 1507 4048 qnod
1525 3964 1605 4049 ipsis
1623 3964 1657 4028 in
1675 3964 1783 4029 animo
1802 3967 1861 4028 est

477 4068 557 4135 Cum
582 4071 699 4136 dixeris
721 4071 762 4136 ad
784 4072 974 4138 morionem:
1005 4071 1118 4156 ,Bibel
1163 4069 1253 4137 Haec
1275 4075 1325 4137 est
1346 4071 1524 4155 cerevisia“,
1546 4070 1675 4158 ridet¹):
1702 4067 1790 4155 „nn
1813 4069 1861 4135 in·

476 4179 560 4263 quit,
587 4177 670 4243 nihil
693 4180 773 4243 estl“
818 4178 872 4244 Sic
895 4176 1137 4265 8887788888),
1160 4173 1318 4266 (81888)
1341 4176 1518 4265 Pistoris⁸),
1542 4176 1688 4246 77818888
1711 4176 1776 4262 lint
1799 4175 1861 4245 881

475 4282 552 4371 88817
575 4282 608 4353 in
631 4284 722 4352 788187
744 4284 871 4369 [pentola
896 4283 970 4370 1188,
994 4285 1049 4351 sed
1072 4285 1125 4350 hic
1146 4284 1242 4370 plane
1265 4286 1424 4351 excaecati
1446 4307 1514 4351 non
1535 4285 1671 4351 audiunt
1693 4306 1762 4372 nos,
1785 4284 1862 4369 qnia

475 4392 596 4457 habent
623 4396 812 4476 conceptam
841 4393 1045 4476 sententiam,
1072 4395 1105 4457 ct
1132 4393 1159 4458 si
1187 4392 1362 4480 ingerimus
1390 4392 1512 4477 aliquid
1537 4393 1571 4458 iu
1594 4392 1736 4477 ipsorum
1760 4413 1861 4476 auras,

476 4499 595 4583 rident,
626 4504 664 4565 ut
694 4501 856 4565 naturales
888 4500 1056 4566 moriones.
1106 4499 1179 4587 Ego
1211 4498 1313 4565 multa
1345 4500 1475 4584 disputo
1507 4500 1546 4564 de
1577 4501 1650 4586 lege
1677 4500 1860 4566 damnante:

475 4604 630 4693 Agricola
656 4604 730 4673 1888
757 4604 835 4692 nicht
859 4604 966 4695 88888,
993 4624 1024 4674 et
1048 4604 1099 4693 787
1121 4606 1231 4675 cebete
1254 4607 1412 4692 principia
1434 4605 1477 4673 im
1501 4604 1620 4693 888888.
1667 4605 1766 4676 {tenu
1789 4624 1860 4674 mun

476 4710 553 4798 7888
575 4711 739 4798 ,Avaritia
761 4717 794 4778 87
816 4735 913 4779 usura
935 4718 984 4780 cst
1007 4719 1119 4780 contra
1136 4713 1271 4799 Deum“,
1293 4713 1332 4781 88
1354 4711 1675 4801 188778887788884)
1699 4712 1760 4781 888
1784 4712 1861 4799 {nott

476 4819 576 4906 88888,
604 4825 640 4885 87
668 4820 765 4886 etiam
793 4820 876 4885 dixit
902 4820 1079 4886 Londensis
1106 4822 1147 4886 ad
1175 4818 1407 4908 Philippum⁶),
1436 4826 1558 4887 exteras
1585 4822 1731 4887 nationes
1758 4820 1862 4887 ridere

477 4933 616 4993 nostram
646 4929 851 5013 sententiam,
879 4927 965 5011 qnod
991 4928 1236 4994 fomicatiouem
1264 4933 1449 5013 putaremus
1477 4950 1545 4993 esse
1572 4933 1747 5012 peccatum.
1790 4926 1861 4996 unt

476 5047 563 5102 8888
591 5033 648 5102 tes
677 5031 865 5120 euangelium
893 5032 969 5121 87877
997 5033 1097 5103 tomen
1125 5048 1215 5118 nere,
1242 5033 1272 5121 in
1301 5032 1861 5120 88888888888881888887888
