4667 6109
532 715 596 778 218
930 713 1093 785 mitellas,
1113 714 1166 774 tle
1185 714 1339 786 illerum
1358 725 1412 775 ιιι
1431 716 1528 799 1540,
1691 715 1743 775 nr.
1758 716 1915 775 lot-4⁰⁰

529 901 597 944 csse
620 878 870 964 patriarcharum
899 885 931 945 et
958 880 1066 945 divino
1094 882 1232 965 quodam
1261 882 1383 968 impetu
1411 903 1480 947 esse
1507 882 1680 947 inventum.
1726 880 1844 948 Postea
1865 904 1916 948 ae

529 983 645 1072 cedit¹)
669 986 840 1051 divinatrix
864 988 1049 1074 astrologia,
1071 1011 1152 1072 quae
1176 990 1319 1074 corrupit
1340 990 1589 1055 astronomiam?

618 1108 700 1163 Goth.
715 1109 746 1163 Β.
763 1113 822 1177 148,
836 1109 903 1176 osu
921 1109 995 1164 Hira.
1012 1115 1070 1165 143,

619 1255 645 1319 1)
663 1251 738 1306 Par:
758 1251 795 1307 Et
813 1270 874 1306 sum
892 1251 977 1321 hujus
996 1252 1159 1308 sentcntiae.
1194 1286 1227 1294 -
1260 1256 1287 1322 2)
1306 1253 1381 1308 Par:
1402 1253 1528 1309 accessit.

742 1429 826 1499 407.
859 1434 1036 1500 Aristotelia
1058 1455 1178 1500 mosae.

618 1557 699 1623 Cum
718 1559 757 1622 de
776 1556 952 1645 examine¹)
972 1581 1076 1624 sermo
1096 1561 1258 1644 incideret,
1279 1559 1358 1626 facit
1376 1559 1499 1625 Doctor
1517 1561 1710 1625 mentionem
1730 1559 1917 1627 Aristotelis

529 1668 561 1730 ct
588 1685 768 1730 causarum:
801 1664 1017 1749 ‘Aristoteles,
1048 1667 1167 1753 inquit,
1200 1667 1297 1732 habet
1324 1666 1402 1732 duas
1429 1668 1619 1732 solutiones:
1651 1666 1713 1733 Per
1739 1690 1773 1733 se
1800 1672 1833 1733 et
1859 1691 1919 1754 por

529 1772 688 1856 accidens,
714 1777 747 1838 et
773 1778 847 1837 actu
875 1778 907 1838 et
932 1775 1083 1859 potentia.
1130 1773 1174 1839 Et
1196 1774 1320 1858 primus
1343 1775 1382 1839 ad
1406 1795 1534 1839 causam
1557 1775 1669 1840 retulit
1693 1776 1814 1860 omnia,
1842 1796 1916 1840 cum

529 1882 637 1944 tamma
659 1880 737 1946 haec
760 1881 869 1965 inepta
891 1885 974 1946 sunt.
1019 1880 1154 1946 Materia
1182 1884 1215 1947 et
1242 1881 1345 1946 forma
1372 1903 1438 1946 non
1460 1882 1590 1966 proprie
1618 1881 1768 1948 dicuntur
1792 1904 1908 1949 causae

529 1986 584 2050 sed
612 1991 687 2051 sunt
713 1988 818 2052 lutum
845 1992 878 2053 ct
905 1989 1041 2073 species,
1070 2010 1152 2072 quac
1179 1990 1249 2053 luto
1277 1987 1447 2053 inducitur.
1492 1987 1582 2053 Finis
1609 1993 1716 2054 autem
1744 1993 1794 2055 est
1820 2010 1918 2055 causa

529 2114 705 2177 causarum,
727 2097 764 2158 ut
782 2093 996 2182 Episcopus¹)
1016 2096 1151 2180 vocavit,
1174 2097 1213 2160 ds
1236 2118 1273 2160 aa
1296 2095 1390 2161 debet
1409 2097 1546 2160 maxime
1565 2096 1633 2161 fieri
1649 2095 1817 2181 judicium,
1840 2120 1916 2162 nam

529 2200 567 2265 de
591 2201 749 2266 efficiente
771 2201 853 2266 nihil
876 2204 954 2267 certi
977 2204 1112 2287 proferri
1134 2206 1256 2288 potest,
1284 2208 1315 2268 et
1337 2201 1528 2267 Aristoteles
1555 2203 1601 2266 ita
1623 2202 1706 2267 ludit
1732 2203 1767 2268 in
1789 2204 1850 2268 hac
1873 2227 1917 2289 re,

528 2312 574 2393 ut,
597 2309 623 2373 si
647 2309 757 2374 rustici
781 2315 913 2375 nossent
935 2315 1062 2376 nostras
1085 2310 1318 2394 disputationes
1342 2310 1556 2391 scholasticas,
1579 2310 1786 2395 exploderent
1809 2316 1841 2375 et
1864 2334 1916 2376 ex-

529 2416 696 2481 sibilarent
717 2439 785 2481 nos.
826 2416 911 2483 Nam
935 2419 981 2484 sic
1004 2417 1094 2483 dicit:
1117 2415 1237 2505 Haec⁸)
1261 2438 1357 2482 arena
1379 2418 1413 2481 in
1431 2417 1600 2503 horologio
1624 2438 1690 2482 non
1712 2421 1861 2483 movetur
1884 2423 1917 2484 et

528 2523 680 2588 mobilem
703 2522 816 2611 fieri‘),
838 2524 893 2589 sed
915 2547 973 2608 per
994 2526 1149 2590 accidens.
1191 2523 1246 2589 Sic
1264 2523 1446 2610 Stephanus
1468 2546 1534 2589 non
1557 2528 1606 2590 est
1628 2525 1715 2589 filius
1733 2524 1918 2612 Haclreri⁶),

528 2630 584 2694 sed
606 2630 721 2717 patris,
744 2636 777 2696 et
800 2629 959 2719 allotted)
983 2632 1086 2697 Lucas
1109 2655 1175 2697 non
1198 2636 1291 2697 autor
1314 2637 1363 2697 est
1385 2633 1480 2715 hujus
1503 2629 1692 2719 picturae⁷),
1719 2632 1774 2697 sed
1797 2634 1916 2716 pictor:

528 2736 688 2802 Pictorem
712 2760 780 2803 esse
799 2739 1005 2822 efficientem,
1032 2740 1195 2804 hominem
1223 2762 1291 2805 esse
1319 2739 1472 2805 accidens.
1518 2737 1607 2804 Haec
1631 2744 1705 2804 sunt
1731 2739 1853 2826 inepta,
1881 2742 1914 2805 in

529 2844 647 2928 quibus
669 2866 728 2910 nos
751 2850 887 2911 aetatem
911 2848 1189 2930 consumpsimus?

618 3022 643 3090 1)
666 3019 714 3077 tlt.
734 3026 795 3088 404,
814 3027 838 3076 2.
878 3054 909 3061 -
948 3025 975 3092 2)
998 3022 1065 3092 llud)
1089 3023 1126 3079 im
1149 3021 1213 3092 sest
1241 3022 1290 3078 mit
1318 3020 1424 3093 proteus
1452 3021 1720 3093 ssulonfltbndnltobsn
1749 3022 1910 3094 peldnlctsn.

527 3108 596 3166 tter
615 3121 666 3166 nat
684 3109 715 3180 nt
733 3112 799 3166 tus?
831 3109 891 3182 Ἑρ).
910 3110 958 3167 lh.
978 3117 1039 3179 481,
1058 3118 1082 3166 a.
1112 3145 1144 3152 -
1175 3115 1201 3180 3)
1220 3111 1282 3181 ullo
1301 3112 1371 3181 nont
1390 3111 1445 3168 eine
1464 3111 1593 3181 &catulo
1611 3110 1640 3167 to
1660 3111 1771 3181 tultos
1785 3112 1909 3182 Bimmcs.

528 3231 561 3239 -
595 3200 622 3267 4)
641 3197 834 3268 Rontrultion!
868 3232 902 3240 —
939 3203 966 3269 o)
985 3201 1106 3271 &teuton
1124 3200 1220 3270 tuder,
1239 3202 1282 3257 tet
1301 3201 1380 3270 &otu
1399 3202 1444 3257 tet
1458 3199 1677 3271 tllltqetmelltets
1696 3212 1748 3258 nou
1762 3200 1912 3272 {lanatiore

527 3289 1318 3361 ttetqetttteputeoltilttpenolleotestlutt&1540.
1357 3289 1520 3361 ffinldtunq,
1539 3289 1614 3347 &cite
1634 3296 1675 3343 4ο.
1713 3323 1748 3330 -
1785 3293 1812 3359 s)
1834 3290 1911 3361 tert:

528 3377 565 3432 Μ.
604 3377 670 3436 tine
689 3377 828 3449 ldpeinbute
846 3378 909 3433 Par.
928 3379 959 3450 ἰῇ
977 3379 1065 3434 Diett.
1085 3379 1145 3434 88¹³.
1182 3411 1217 3420 -
1255 3382 1281 3449 7)
1304 3377 1639 3449 commutescunt.
1662 3384 1764 3449 732,1.

743 3558 826 3627 408.
857 3560 985 3628 Jodoei.

617 3685 744 3751 ‘Judaei
767 3687 885 3752 imitati
908 3692 984 3752 sunt
1005 3691 1141 3771 nostros,
1164 3709 1239 3752 nam
1263 3690 1300 3750 ut
1321 3707 1380 3751 nos
1399 3685 1564 3772 evangelia
1582 3689 1615 3750 et
1631 3686 1783 3769 epistolas
1802 3687 1912 3770 partit-i

527 3814 652 3876 sumus,
683 3793 729 3858 ita
757 3794 819 3878 ipsi
846 3793 1016 3859 lectionem
1044 3793 1145 3860 Mosis
1173 3799 1206 3859 et
1233 3792 1462 3878 prophetarum
1490 3791 1723 3857 distribuerunt
1750 3793 1784 3856 in
1811 3797 1912 3859 cortes

526 3900 700 3965 lectiones!

615 4005 661 4071 Et
683 4005 775 4094 ego¹)
795 4029 867 4073 cum
887 4008 1034 4091 dicerem,
1056 4008 1203 4072 abbatem
1226 4005 1306 4071 mihi
1324 4005 1451 4090 dixisse,
1474 4005 1644 4091 plerosque
1662 4006 1802 4072 Judaeos
1821 4030 1912 4072 num·

528 4134 624 4196 quam
648 4114 764 4179 vidisse
787 4120 884 4200 caput
905 4115 957 4181 53.
977 4113 1093 4201 Μ’),
1121 4115 1190 4198 ipse
1213 4113 1372 4197 quaesivit
1394 4114 1426 4178 in
1450 4114 1636 4179 lectionario
1660 4113 1855 4179 Judaeorum
1880 4117 1912 4179 et

528 4219 560 4285 id
584 4243 692 4286 verum
716 4243 783 4287 esse
806 4224 933 4307 reperit.

599 4347 624 4412 1)
647 4360 699 4414 ego
718 4344 748 4414 iit
767 4344 824 4414 bod)
844 4344 913 4414 nott
931 4343 1087 4414 lllotljdnffi,
1106 4344 1154 4400 tut
1173 4342 1290 4414 fulgente
1309 4342 1370 4413 ipse
1388 4342 1418 4413 sp
1438 4342 1540 4414 Seuthes.
1580 4375 1613 4382 -
1653 4345 1680 4410 2)
1703 4343 1758 4397 Jes.
1779 4349 1826 4411 53,
1849 4344 1912 4400 dtas

528 4431 623 4502 &triti
641 4432 736 4490 teitus
755 4434 808 4490 unt
827 4432 1021 4504 ttntetltetunp.
1648 4426 1651 4431 ’

743 4610 826 4680 soa.
860 4613 963 4697 capso
985 4611 1067 4700 531).

617 4736 691 4803 ‘Hic
718 4740 807 4804 locus
834 4740 929 4823 plane
957 4738 1061 4804 clarus
1089 4743 1150 4823 est,
1178 4740 1232 4805 sed
1261 4739 1450 4804 obscuratur
1476 4743 1584 4804 tamen
1611 4740 1780 4805 arabinis.
1826 4738 1911 4805 Nam

525 4842 722 4931 ,‚servum“¹)
737 4848 988 4931 interpretantur
1002 4847 1167 4911 collective
1182 4846 1221 4910 de
1234 4851 1304 4911 toto
1319 4846 1449 4930 populo.
1482 4844 1545 4911 Sed
1559 4848 1668 4924 miror,
1687 4848 1744 4930 qui
1762 4852 1913 4912 maneant

526 4953 560 5016 in
579 4953 744 5017 sententia
777 4952 944 5030 Quomodo
964 4954 1025 5037 ipsi
1045 4953 1169 5041 Judoei,
1190 4954 1245 5038 qui
1263 4954 1353 5018 fuere
1372 4954 1627 5038 flagitiosissimi,
1645 4956 1780 5037 possunt
1798 4953 1913 5039 dicere,

527 5080 560 5123 se
587 5060 700 5125 tulisse
724 5066 855 5146 peccata
877 5058 1068 5148 aliorum⁸)?
1113 5060 1157 5126 Et
1180 5060 1341 5146 quomodo
1365 5061 1399 5125 in
1422 5082 1456 5126 se
1478 5060 1651 5126 transferre
1674 5064 1821 5146 possunt:
1847 5059 1913 5145 „Et
