<?xml version="1.0" encoding="UTF-8"?>
<!DOCTYPE html PUBLIC "-//W3C//DTD XHTML 1.0 Transitional//EN"
    "http://www.w3.org/TR/xhtml1/DTD/xhtml1-transitional.dtd">
<html xmlns="http://www.w3.org/1999/xhtml" xml:lang="en" lang="en">
 <head>
  <title>
</title>
<meta http-equiv="Content-Type" content="text/html;charset=utf-8" />
  <meta name='ocr-system' content='tesseract 3.04.00' />
  <meta name='ocr-capabilities' content='ocr_page ocr_carea ocr_par ocr_line ocrx_word'/>
</head>
<body>
  <div class='ocr_page' id='page_1' title='image "./lutherstischred00krokgoog_0275.png"; bbox 0 0 4667 6109; ppageno 0'>
   <div class='ocr_carea' id='block_1_1' title="bbox 430 700 1814 777">
    <p class='ocr_par' dir='ltr' id='par_1_1' title="bbox 430 700 1814 777">
     <span class='ocr_line' id='line_1_1' title="bbox 430 700 1814 777; baseline 0.009 -17"><span class='ocrx_word' id='word_1_1' title='bbox 430 700 483 760; x_wconf 77' lang='lat' dir='ltr'><strong>st.</strong></span> <span class='ocrx_word' id='word_1_2' title='bbox 497 702 567 770; x_wconf 78' lang='grc'><strong>287,</strong></span> <span class='ocrx_word' id='word_1_3' title='bbox 580 702 640 761; x_wconf 72' lang='grc'><strong>288</strong></span> <span class='ocrx_word' id='word_1_4' title='bbox 931 704 958 762; x_wconf 78' lang='lat' dir='ltr'><strong>l.</strong></span> <span class='ocrx_word' id='word_1_5' title='bbox 977 702 1021 763; x_wconf 81' lang='lat' dir='ltr'><strong>us</strong></span> <span class='ocrx_word' id='word_1_6' title='bbox 1040 702 1088 763; x_wconf 76' lang='lat'><strong>24.</strong></span> <span class='ocrx_word' id='word_1_7' title='bbox 1107 703 1209 777; x_wconf 62' lang='lat' dir='ltr'><strong>Unus!</strong></span> <span class='ocrx_word' id='word_1_8' title='bbox 1231 703 1308 762; x_wconf 77' lang='lat' dir='ltr'><strong>1le</strong></span> <span class='ocrx_word' id='word_1_9' title='bbox 1751 708 1814 773; x_wconf 77' lang='grc'><strong>175</strong></span> 
     </span>
    </p>
   </div>
   <div class='ocr_carea' id='block_1_2' title="bbox 429 866 1817 1264">
    <p class='ocr_par' dir='ltr' id='par_1_2' title="bbox 429 866 1817 1264">
     <span class='ocr_line' id='line_1_2' title="bbox 429 866 1817 955; baseline 0.002 -23"><span class='ocrx_word' id='word_1_10' title='bbox 429 866 513 933; x_wconf 87' lang='lat' dir='ltr'><strong>ferre</strong></span> <span class='ocrx_word' id='word_1_11' title='bbox 540 890 593 933; x_wconf 90' lang='lat' dir='ltr'><strong>eas</strong></span> <span class='ocrx_word' id='word_1_12' title='bbox 620 867 766 953; x_wconf 89' lang='lat' dir='ltr'><strong>ineptias.</strong></span> <span class='ocrx_word' id='word_1_13' title='bbox 812 868 901 954; x_wconf 87' lang='lat' dir='ltr'><strong>Papa</strong></span> <span class='ocrx_word' id='word_1_14' title='bbox 927 873 1033 935; x_wconf 90' lang='lat' dir='ltr'><strong>autem</strong></span> <span class='ocrx_word' id='word_1_15' title='bbox 1062 873 1131 935; x_wconf 92' lang='lat' dir='ltr'><strong>tum</strong></span> <span class='ocrx_word' id='word_1_16' title='bbox 1161 871 1316 955; x_wconf 91' lang='lat' dir='ltr'><strong>temporis</strong></span> <span class='ocrx_word' id='word_1_17' title='bbox 1340 869 1531 955; x_wconf 75' lang='lat' dir='ltr'>approbavit</span> <span class='ocrx_word' id='word_1_18' title='bbox 1554 892 1663 937; x_wconf 91' lang='lat' dir='ltr'><strong>omnes</strong></span> <span class='ocrx_word' id='word_1_19' title='bbox 1687 871 1817 938; x_wconf 75' lang='lat' dir='ltr'><strong>Diaboli</strong></span> 
     </span>
     <span class='ocr_line' id='line_1_3' title="bbox 430 973 1817 1063; baseline 0.003 -24"><span class='ocrx_word' id='word_1_20' title='bbox 430 974 566 1041; x_wconf 80' lang='lat' dir='ltr'><strong>fraudes.</strong></span> <span class='ocrx_word' id='word_1_21' title='bbox 617 973 679 1041; x_wconf 87' lang='lat' dir='ltr'><strong>Sed</strong></span> <span class='ocrx_word' id='word_1_22' title='bbox 708 975 866 1062; x_wconf 78' lang='lat' dir='ltr'><strong>Christus,</strong></span> <span class='ocrx_word' id='word_1_23' title='bbox 898 978 954 1060; x_wconf 90' lang='lat' dir='ltr'><strong>qui</strong></span> <span class='ocrx_word' id='word_1_24' title='bbox 986 977 1065 1042; x_wconf 92' lang='lat' dir='ltr'><strong>olim</strong></span> <span class='ocrx_word' id='word_1_25' title='bbox 1097 978 1285 1043; x_wconf 87' lang='lat' dir='ltr'><strong>infirmitate</strong></span> <span class='ocrx_word' id='word_1_26' title='bbox 1316 981 1349 1043; x_wconf 90' lang='lat' dir='ltr'><strong>et</strong></span> <span class='ocrx_word' id='word_1_27' title='bbox 1380 978 1519 1043; x_wconf 84' lang='lat' dir='ltr'><strong>stultitia</strong></span> <span class='ocrx_word' id='word_1_28' title='bbox 1547 979 1694 1044; x_wconf 89' lang='lat' dir='ltr'><strong>contudit</strong></span> <span class='ocrx_word' id='word_1_29' title='bbox 1720 983 1817 1063; x_wconf 86' lang='lat' dir='ltr'><strong>caput</strong></span> 
     </span>
     <span class='ocr_line' id='line_1_4' title="bbox 430 1083 1816 1170; baseline 0.003 -23"><span class='ocrx_word' id='word_1_30' title='bbox 430 1083 600 1170; x_wconf 86' lang='lat' dir='ltr'><strong>serpentis,</strong></span> <span class='ocrx_word' id='word_1_31' title='bbox 627 1084 717 1150; x_wconf 85' lang='lat' dir='ltr'><strong>brevi</strong></span> <span class='ocrx_word' id='word_1_32' title='bbox 744 1085 841 1150; x_wconf 89' lang='lat' dir='ltr'><strong>finem</strong></span> <span class='ocrx_word' id='word_1_33' title='bbox 869 1084 1015 1170; x_wconf 78' lang='lat' dir='ltr'><strong>imponet</strong></span> <span class='ocrx_word' id='word_1_34' title='bbox 1041 1084 1216 1151; x_wconf 75' lang='lat' dir='ltr'><strong>mendaciis</strong></span> <span class='ocrx_word' id='word_1_35' title='bbox 1240 1087 1273 1149; x_wconf 90' lang='lat' dir='ltr'><strong>et</strong></span> <span class='ocrx_word' id='word_1_36' title='bbox 1294 1083 1476 1153; x_wconf 82' lang='lat' dir='ltr'><strong>homicidiis</strong></span> <span class='ocrx_word' id='word_1_37' title='bbox 1499 1085 1638 1152; x_wconf 89' lang='lat' dir='ltr'><strong>Diaboli.</strong></span> <span class='ocrx_word' id='word_1_38' title='bbox 1683 1084 1816 1151; x_wconf 79' lang='lat' dir='ltr'><strong>Interim</strong></span> 
     </span>
     <span class='ocr_line' id='line_1_5' title="bbox 431 1190 1386 1264; baseline 0.002 -9"><span class='ocrx_word' id='word_1_39' title='bbox 431 1212 541 1256; x_wconf 86' lang='lat' dir='ltr'><strong>snmus</strong></span> <span class='ocrx_word' id='word_1_40' title='bbox 564 1190 662 1256; x_wconf 87' lang='lat' dir='ltr'><strong>etiam</strong></span> <span class='ocrx_word' id='word_1_41' title='bbox 686 1191 806 1258; x_wconf 88' lang='lat' dir='ltr'><strong>infirmi</strong></span> <span class='ocrx_word' id='word_1_42' title='bbox 829 1195 861 1256; x_wconf 92' lang='lat' dir='ltr'><strong>et</strong></span> <span class='ocrx_word' id='word_1_43' title='bbox 884 1191 1051 1264; x_wconf 87' lang='lat' dir='ltr'><strong>obruimur</strong></span> <span class='ocrx_word' id='word_1_44' title='bbox 1073 1193 1185 1257; x_wconf 88' lang='lat' dir='ltr'><strong>multis</strong></span> <span class='ocrx_word' id='word_1_45' title='bbox 1209 1191 1386 1258; x_wconf 66' lang='lat' dir='ltr'><strong>scandalis?</strong></span> 
     </span>
    </p>
   </div>
   <div class='ocr_carea' id='block_1_3' title="bbox 430 1366 1816 1707">
    <p class='ocr_par' dir='ltr' id='par_1_3' title="bbox 430 1366 1816 1707">
     <span class='ocr_line' id='line_1_6' title="bbox 521 1366 1815 1440; baseline 0.004 -18"><span class='ocrx_word' id='word_1_46' title='bbox 521 1371 547 1438; x_wconf 89' lang='lat'><strong>1)</strong></span> <span class='ocrx_word' id='word_1_47' title='bbox 570 1367 687 1438; x_wconf 62' lang='lat' dir='ltr'><strong>heinrich</strong></span> <span class='ocrx_word' id='word_1_48' title='bbox 706 1366 778 1422; x_wconf 80' lang='lat' dir='ltr'>VIII.</span> <span class='ocrx_word' id='word_1_49' title='bbox 799 1378 851 1425; x_wconf 85' lang='lat' dir='ltr'><strong>oou</strong></span> <span class='ocrx_word' id='word_1_50' title='bbox 870 1368 993 1439; x_wconf 60' lang='lat' dir='ltr'><strong>duplout</strong></span> <span class='ocrx_word' id='word_1_51' title='bbox 1010 1368 1064 1425; x_wconf 81' lang='lat' dir='ltr'><strong>nub</strong></span> <span class='ocrx_word' id='word_1_52' title='bbox 1082 1367 1171 1440; x_wconf 62' lang='grc' dir='ltr'><strong>ῧταιι)</strong></span> <span class='ocrx_word' id='word_1_53' title='bbox 1190 1368 1209 1422; x_wconf 92' lang='lat' dir='ltr'><strong>l.</strong></span> <span class='ocrx_word' id='word_1_54' title='bbox 1230 1378 1282 1425; x_wconf 85' lang='lat' dir='ltr'><strong>ooo</strong></span> <span class='ocrx_word' id='word_1_55' title='bbox 1300 1368 1456 1438; x_wconf 55' lang='lat' dir='ltr'><strong>wareo.</strong></span> <span class='ocrx_word' id='word_1_56' title='bbox 1495 1401 1528 1410; x_wconf 92' lang='lat'><em>-</em></span> <span class='ocrx_word' id='word_1_57' title='bbox 1565 1372 1592 1439; x_wconf 82' lang='lat'><strong>2)</strong></span> <span class='ocrx_word' id='word_1_58' title='bbox 1611 1370 1670 1425; x_wconf 75' lang='lat' dir='ltr'><strong>tert</strong></span> <span class='ocrx_word' id='word_1_59' title='bbox 1688 1370 1815 1440; x_wconf 62' lang='lat' dir='ltr'><strong>emhilde,</strong></span> 
     </span>
     <span class='ocr_line' id='line_1_7' title="bbox 430 1456 1816 1530; baseline 0.001 -16"><span class='ocrx_word' id='word_1_60' title='bbox 430 1456 540 1527; x_wconf 63' lang='lat' dir='ltr'><strong>sedito</strong></span> <span class='ocrx_word' id='word_1_61' title='bbox 560 1484 592 1504; x_wconf 92' lang='lat'><strong>=</strong></span> <span class='ocrx_word' id='word_1_62' title='bbox 612 1457 711 1527; x_wconf 59' lang='lat' dir='ltr'><strong>tentet.</strong></span> <span class='ocrx_word' id='word_1_63' title='bbox 753 1489 788 1497; x_wconf 93' lang='lat'><em>—</em></span> <span class='ocrx_word' id='word_1_64' title='bbox 831 1461 859 1528; x_wconf 82' lang='grc'><strong>8)</strong></span> <span class='ocrx_word' id='word_1_65' title='bbox 886 1457 987 1526; x_wconf 63' lang='lat' dir='ltr'><strong>Sontes</strong></span> <span class='ocrx_word' id='word_1_66' title='bbox 1014 1458 1090 1528; x_wconf 65' lang='lat' dir='ltr'><strong>bono</strong></span> <span class='ocrx_word' id='word_1_67' title='bbox 1122 1469 1175 1514; x_wconf 83' lang='lat' dir='ltr'><strong>oon</strong></span> <span class='ocrx_word' id='word_1_68' title='bbox 1201 1457 1367 1529; x_wconf 60' lang='lat' dir='ltr'><strong>dementem.</strong></span> <span class='ocrx_word' id='word_1_69' title='bbox 1424 1458 1591 1530; x_wconf 64' lang='lat' dir='ltr'><strong>ssuticolu,</strong></span> <span class='ocrx_word' id='word_1_70' title='bbox 1619 1464 1671 1513; x_wconf 73' lang='lat'><strong>750</strong></span> <span class='ocrx_word' id='word_1_71' title='bbox 1698 1458 1816 1530; x_wconf 65' lang='lat' dir='ltr'><strong>ttuttdper</strong></span> 
     </span>
     <span class='ocr_line' id='line_1_8' title="bbox 431 1545 1816 1619; baseline 0.001 -18"><span class='ocrx_word' id='word_1_72' title='bbox 431 1545 627 1615; x_wconf 54' lang='lat' dir='ltr'><strong>mudeuurt.</strong></span> <span class='ocrx_word' id='word_1_73' title='bbox 656 1547 704 1603; x_wconf 73' lang='lat' dir='ltr'><strong>tu.</strong></span> <span class='ocrx_word' id='word_1_74' title='bbox 720 1551 786 1617; x_wconf 81' lang='lat'><strong>3⁰13</strong></span> <span class='ocrx_word' id='word_1_75' title='bbox 805 1547 858 1600; x_wconf 77' lang='lat' dir='ltr'><strong>ue.</strong></span> <span class='ocrx_word' id='word_1_76' title='bbox 874 1552 899 1616; x_wconf 78' lang='lat' dir='ltr'><strong>a,</strong></span> <span class='ocrx_word' id='word_1_77' title='bbox 914 1552 947 1601; x_wconf 80' lang='lat' dir='ltr'><strong>aa</strong></span> <span class='ocrx_word' id='word_1_78' title='bbox 962 1549 1031 1618; x_wconf 59' lang='grc' dir='ltr'><strong>(ει)</strong></span> <span class='ocrx_word' id='word_1_79' title='bbox 1050 1546 1080 1600; x_wconf 86' lang='grc' dir='ltr'><strong>Β.</strong></span> <span class='ocrx_word' id='word_1_80' title='bbox 1099 1554 1121 1613; x_wconf 88' lang='lat'><strong>1,</strong></span> <span class='ocrx_word' id='word_1_81' title='bbox 1133 1552 1198 1615; x_wconf 58' lang='lat' dir='ltr'><strong>aaa</strong></span> <span class='ocrx_word' id='word_1_82' title='bbox 1217 1547 1376 1619; x_wconf 64' lang='lat' dir='ltr'><strong>struunt,</strong></span> <span class='ocrx_word' id='word_1_83' title='bbox 1395 1546 1588 1619; x_wconf 58' lang='lat' dir='ltr'><strong>mutuando)</strong></span> <span class='ocrx_word' id='word_1_84' title='bbox 1621 1554 1646 1616; x_wconf 79' lang='lat' dir='ltr'><strong>e,</strong></span> <span class='ocrx_word' id='word_1_85' title='bbox 1661 1553 1816 1619; x_wconf 75' lang='lat'><strong>247-2493</strong></span> 
     </span>
     <span class='ocr_line' id='line_1_9' title="bbox 431 1634 855 1707; baseline -0.007 -14"><span class='ocrx_word' id='word_1_86' title='bbox 431 1634 689 1707; x_wconf 59' lang='lat' dir='ltr'><strong>detumuisset.</strong></span> <span class='ocrx_word' id='word_1_87' title='bbox 727 1636 774 1693; x_wconf 68' lang='lat' dir='ltr'><strong>tls.</strong></span> <span class='ocrx_word' id='word_1_88' title='bbox 796 1641 855 1692; x_wconf 71' lang='lat'><strong>1⁷4.</strong></span> 
     </span>
    </p>
   </div>
   <div class='ocr_carea' id='block_1_4' title="bbox 647 1834 1015 1904">
    <p class='ocr_par' dir='ltr' id='par_1_4' title="bbox 647 1834 1015 1904">
     <span class='ocr_line' id='line_1_10' title="bbox 647 1834 1015 1904; baseline -0.003 -3"><span class='ocrx_word' id='word_1_89' title='bbox 647 1834 730 1904; x_wconf 77' lang='lat'><strong>287.</strong></span> <span class='ocrx_word' id='word_1_90' title='bbox 763 1837 864 1903; x_wconf 80' lang='lat' dir='ltr'><strong>Amor</strong></span> <span class='ocrx_word' id='word_1_91' title='bbox 886 1836 1015 1903; x_wconf 77' lang='lat' dir='ltr'><strong>laetitia</strong></span> 
     </span>
    </p>
   </div>
   <div class='ocr_carea' id='block_1_5' title="bbox 429 1978 1817 2496">
    <p class='ocr_par' dir='ltr' id='par_1_5' title="bbox 429 1978 1817 2389">
     <span class='ocr_line' id='line_1_11' title="bbox 517 1978 1816 2068; baseline 0.002 -24"><span class='ocrx_word' id='word_1_92' title='bbox 517 1978 678 2045; x_wconf 79' lang='lat' dir='ltr'><strong>Dominus</strong></span> <span class='ocrx_word' id='word_1_93' title='bbox 705 1978 875 2065; x_wconf 89' lang='lat' dir='ltr'><strong>Philippus</strong></span> <span class='ocrx_word' id='word_1_94' title='bbox 908 1979 989 2045; x_wconf 92' lang='lat' dir='ltr'><strong>mihi</strong></span> <span class='ocrx_word' id='word_1_95' title='bbox 1022 2001 1115 2065; x_wconf 88' lang='lat' dir='ltr'><strong>saepe</strong></span> <span class='ocrx_word' id='word_1_96' title='bbox 1142 1980 1299 2067; x_wconf 75' lang='lat' dir='ltr'><strong>cogitanti</strong></span> <span class='ocrx_word' id='word_1_97' title='bbox 1326 1980 1365 2045; x_wconf 93' lang='lat' dir='ltr'><strong>de</strong></span> <span class='ocrx_word' id='word_1_98' title='bbox 1392 1978 1444 2044; x_wconf 87' lang='lat' dir='ltr'><strong>his</strong></span> <span class='ocrx_word' id='word_1_99' title='bbox 1471 1980 1567 2046; x_wconf 89' lang='lat' dir='ltr'><strong>rebus</strong></span> <span class='ocrx_word' id='word_1_100' title='bbox 1576 1978 1615 2068; x_wconf 86' lang='lat'><strong>¹):</strong></span> <span class='ocrx_word' id='word_1_101' title='bbox 1646 1980 1816 2066; x_wconf 63' lang='lat' dir='ltr'><strong>„Reperio</strong></span> 
     </span>
     <span class='ocr_line' id='line_1_12' title="bbox 429 2082 1816 2173; baseline 0 -21"><span class='ocrx_word' id='word_1_102' title='bbox 429 2082 502 2153; x_wconf 71' lang='lat' dir='ltr'><strong>oieb</strong></span> <span class='ocrx_word' id='word_1_103' title='bbox 526 2083 562 2170; x_wconf 67' lang='lat' dir='ltr'><strong>itt</strong></span> <span class='ocrx_word' id='word_1_104' title='bbox 584 2083 697 2171; x_wconf 68' lang='lat' dir='ltr'><strong>ttuubt,</strong></span> <span class='ocrx_word' id='word_1_105' title='bbox 727 2085 828 2170; x_wconf 67' lang='lat' dir='ltr'><strong>iteubt</strong></span> <span class='ocrx_word' id='word_1_106' title='bbox 850 2085 886 2171; x_wconf 73' lang='lat' dir='ltr'><strong>ip</strong></span> <span class='ocrx_word' id='word_1_107' title='bbox 909 2083 978 2168; x_wconf 76' lang='lat' dir='ltr'><strong>liet,</strong></span> <span class='ocrx_word' id='word_1_108' title='bbox 1001 2086 1063 2155; x_wconf 76' lang='lat' dir='ltr'><strong>uub</strong></span> <span class='ocrx_word' id='word_1_109' title='bbox 1088 2085 1187 2170; x_wconf 75' lang='lat' dir='ltr'><strong>lteubt</strong></span> <span class='ocrx_word' id='word_1_110' title='bbox 1210 2085 1246 2171; x_wconf 63' lang='lat' dir='ltr'><strong>itt</strong></span> <span class='ocrx_word' id='word_1_111' title='bbox 1269 2084 1363 2155; x_wconf 77' lang='lat' dir='ltr'><strong>[eben.</strong></span> <span class='ocrx_word' id='word_1_112' title='bbox 1408 2087 1452 2152; x_wconf 81' lang='lat' dir='ltr'><strong>Et</strong></span> <span class='ocrx_word' id='word_1_113' title='bbox 1474 2110 1569 2153; x_wconf 90' lang='lat' dir='ltr'><strong>nemo</strong></span> <span class='ocrx_word' id='word_1_114' title='bbox 1592 2093 1649 2173; x_wconf 83' lang='lat' dir='ltr'><strong>cst,</strong></span> <span class='ocrx_word' id='word_1_115' title='bbox 1672 2090 1728 2173; x_wconf 92' lang='lat' dir='ltr'><strong>qui</strong></span> <span class='ocrx_word' id='word_1_116' title='bbox 1751 2110 1816 2154; x_wconf 92' lang='lat' dir='ltr'><strong>non</strong></span> 
     </span>
     <span class='ocr_line' id='line_1_13' title="bbox 429 2193 1817 2282; baseline 0.003 -25"><span class='ocrx_word' id='word_1_117' title='bbox 429 2197 516 2258; x_wconf 93' lang='lat' dir='ltr'><strong>amet</strong></span> <span class='ocrx_word' id='word_1_118' title='bbox 542 2193 677 2278; x_wconf 83' lang='lat' dir='ltr'><strong>aliquid,</strong></span> <span class='ocrx_word' id='word_1_119' title='bbox 704 2194 780 2278; x_wconf 91' lang='lat' dir='ltr'><strong>quia</strong></span> <span class='ocrx_word' id='word_1_120' title='bbox 806 2216 901 2259; x_wconf 87' lang='lat' dir='ltr'><strong>nemo</strong></span> <span class='ocrx_word' id='word_1_121' title='bbox 929 2195 1000 2260; x_wconf 87' lang='lat' dir='ltr'><strong>vult</strong></span> <span class='ocrx_word' id='word_1_122' title='bbox 1026 2215 1095 2259; x_wconf 88' lang='lat' dir='ltr'><strong>esse</strong></span> <span class='ocrx_word' id='word_1_123' title='bbox 1122 2195 1191 2259; x_wconf 93' lang='lat' dir='ltr'><strong>sine</strong></span> <span class='ocrx_word' id='word_1_124' title='bbox 1216 2195 1347 2260; x_wconf 82' lang='lat' dir='ltr'><strong>laetitia.</strong></span> <span class='ocrx_word' id='word_1_125' title='bbox 1393 2194 1457 2261; x_wconf 91' lang='lat' dir='ltr'><strong>Hic</strong></span> <span class='ocrx_word' id='word_1_126' title='bbox 1479 2198 1567 2261; x_wconf 89' lang='lat' dir='ltr'><strong>amat</strong></span> <span class='ocrx_word' id='word_1_127' title='bbox 1588 2218 1734 2282; x_wconf 86' lang='lat' dir='ltr'><strong>uxorem,</strong></span> <span class='ocrx_word' id='word_1_128' title='bbox 1763 2197 1817 2261; x_wconf 92' lang='lat' dir='ltr'><strong>ille</strong></span> 
     </span>
     <span class='ocr_line' id='line_1_14' title="bbox 429 2299 1318 2389; baseline 0.007 -25"><span class='ocrx_word' id='word_1_129' title='bbox 429 2299 561 2385; x_wconf 87' lang='lat' dir='ltr'><strong>liberos,</strong></span> <span class='ocrx_word' id='word_1_130' title='bbox 583 2301 665 2365; x_wconf 88' lang='lat' dir='ltr'><strong>alter</strong></span> <span class='ocrx_word' id='word_1_131' title='bbox 687 2322 778 2386; x_wconf 87' lang='lat' dir='ltr'><strong>opes,</strong></span> <span class='ocrx_word' id='word_1_132' title='bbox 799 2301 882 2366; x_wconf 88' lang='lat' dir='ltr'><strong>alter</strong></span> <span class='ocrx_word' id='word_1_133' title='bbox 904 2301 1055 2389; x_wconf 80' lang='lat' dir='ltr'><strong>gloriam,</strong></span> <span class='ocrx_word' id='word_1_134' title='bbox 1077 2306 1115 2367; x_wconf 90' lang='lat' dir='ltr'><strong>ut</strong></span> <span class='ocrx_word' id='word_1_135' title='bbox 1137 2299 1318 2387; x_wconf 62' lang='lat' dir='ltr'><strong>dctlftottfl</strong></span> 
     </span>
    </p>

    <p class='ocr_par' dir='ltr' id='par_1_6' title="bbox 518 2406 1274 2496">
     <span class='ocr_line' id='line_1_15' title="bbox 518 2406 1274 2496; baseline 0.007 -24"><span class='ocrx_word' id='word_1_136' title='bbox 518 2407 563 2473; x_wconf 82' lang='lat' dir='ltr'><strong>Et</strong></span> <span class='ocrx_word' id='word_1_137' title='bbox 585 2429 657 2472; x_wconf 90' lang='lat' dir='ltr'><strong>cum</strong></span> <span class='ocrx_word' id='word_1_138' title='bbox 681 2407 760 2473; x_wconf 88' lang='lat' dir='ltr'><strong>haec</strong></span> <span class='ocrx_word' id='word_1_139' title='bbox 782 2408 914 2494; x_wconf 86' lang='lat' dir='ltr'><strong>diceret,</strong></span> <span class='ocrx_word' id='word_1_140' title='bbox 936 2408 1060 2474; x_wconf 87' lang='lat' dir='ltr'><strong>Doctor</strong></span> <span class='ocrx_word' id='word_1_141' title='bbox 1081 2406 1274 2496; x_wconf 59' lang='lat' dir='ltr'><strong>Dommet¹):</strong></span> 
     </span>
    </p>
   </div>
   <div class='ocr_carea' id='block_1_6' title="bbox 685 2531 1569 2621">
    <p class='ocr_par' dir='ltr' id='par_1_7' title="bbox 685 2531 1569 2621">
     <span class='ocr_line' id='line_1_16' title="bbox 685 2531 1569 2621; baseline 0.002 -23"><span class='ocrx_word' id='word_1_142' title='bbox 685 2531 821 2618; x_wconf 88' lang='lat' dir='ltr'><strong>„Omnia</strong></span> <span class='ocrx_word' id='word_1_143' title='bbox 844 2535 945 2600; x_wconf 85' lang='lat' dir='ltr'><strong>vincit</strong></span> <span class='ocrx_word' id='word_1_144' title='bbox 967 2556 1070 2617; x_wconf 87' lang='lat' dir='ltr'><strong>amor,</strong></span> <span class='ocrx_word' id='word_1_145' title='bbox 1093 2538 1126 2600; x_wconf 90' lang='lat' dir='ltr'><strong>et</strong></span> <span class='ocrx_word' id='word_1_146' title='bbox 1147 2532 1243 2621; x_wconf 80' lang='lat' dir='ltr'><strong>nos¹)</strong></span> <span class='ocrx_word' id='word_1_147' title='bbox 1265 2535 1415 2600; x_wconf 88' lang='lat' dir='ltr'><strong>cedamus</strong></span> <span class='ocrx_word' id='word_1_148' title='bbox 1438 2536 1569 2601; x_wconf 85' lang='lat' dir='ltr'><strong>amori.“</strong></span> 
     </span>
    </p>
   </div>
   <div class='ocr_carea' id='block_1_7' title="bbox 428 2657 1818 3069">
    <p class='ocr_par' dir='ltr' id='par_1_8' title="bbox 428 2657 1818 3069">
     <span class='ocr_line' id='line_1_17' title="bbox 429 2657 1815 2747; baseline 0.003 -25"><span class='ocrx_word' id='word_1_149' title='bbox 429 2657 609 2743; x_wconf 80' lang='lat' dir='ltr'><strong>Respondit</strong></span> <span class='ocrx_word' id='word_1_150' title='bbox 630 2657 788 2725; x_wconf 90' lang='lat' dir='ltr'><strong>Dominus</strong></span> <span class='ocrx_word' id='word_1_151' title='bbox 812 2660 996 2745; x_wconf 89' lang='lat' dir='ltr'><strong>Philippus:</strong></span> <span class='ocrx_word' id='word_1_152' title='bbox 1028 2660 1117 2742; x_wconf 72' lang='lat' dir='ltr'><strong>„Det</strong></span> <span class='ocrx_word' id='word_1_153' title='bbox 1140 2657 1213 2744; x_wconf 57' lang='lat' dir='ltr'><strong>aeth</strong></span> <span class='ocrx_word' id='word_1_154' title='bbox 1236 2657 1293 2744; x_wconf 68' lang='lat' dir='ltr'><strong>luit</strong></span> <span class='ocrx_word' id='word_1_155' title='bbox 1315 2658 1420 2747; x_wconf 51' lang='lat' dir='ltr'><strong>wlff),</strong></span> <span class='ocrx_word' id='word_1_156' title='bbox 1443 2660 1582 2726; x_wconf 89' lang='lat' dir='ltr'><strong>Domine</strong></span> <span class='ocrx_word' id='word_1_157' title='bbox 1604 2658 1751 2726; x_wconf 84' lang='lat' dir='ltr'><strong>Pastorl“</strong></span> <span class='ocrx_word' id='word_1_158' title='bbox 1773 2699 1815 2708; x_wconf 94' lang='lat'><em>-</em></span> 
     </span>
     <span class='ocr_line' id='line_1_18' title="bbox 428 2764 1818 2854; baseline 0.002 -23"><span class='ocrx_word' id='word_1_159' title='bbox 428 2764 550 2831; x_wconf 86' lang='lat' dir='ltr'><strong>Allusit</strong></span> <span class='ocrx_word' id='word_1_160' title='bbox 573 2767 658 2830; x_wconf 91' lang='lat' dir='ltr'><strong>enim</strong></span> <span class='ocrx_word' id='word_1_161' title='bbox 681 2767 721 2831; x_wconf 89' lang='lat' dir='ltr'><strong>ad</strong></span> <span class='ocrx_word' id='word_1_162' title='bbox 743 2764 942 2854; x_wconf 79' lang='lat' dir='ltr'><strong>negotium⁴)</strong></span> <span class='ocrx_word' id='word_1_163' title='bbox 965 2767 1156 2834; x_wconf 86' lang='lat' dir='ltr'><strong>Macedonis.</strong></span> <span class='ocrx_word' id='word_1_164' title='bbox 1202 2767 1341 2834; x_wconf 78' lang='lat' dir='ltr'><strong>luteum</strong></span> <span class='ocrx_word' id='word_1_165' title='bbox 1365 2768 1567 2853; x_wconf 82' lang='lat' dir='ltr'><strong>exposuisset</strong></span> <span class='ocrx_word' id='word_1_166' title='bbox 1587 2767 1756 2834; x_wconf 90' lang='lat' dir='ltr'><strong>historiam</strong></span> <span class='ocrx_word' id='word_1_167' title='bbox 1779 2769 1818 2834; x_wconf 90' lang='lat' dir='ltr'><strong>de</strong></span> 
     </span>
     <span class='ocr_line' id='line_1_19' title="bbox 428 2870 1817 2961; baseline 0.002 -24"><span class='ocrx_word' id='word_1_168' title='bbox 428 2870 472 2937; x_wconf 83' lang='lat' dir='ltr'><strong>M.</strong></span> <span class='ocrx_word' id='word_1_169' title='bbox 501 2871 685 2961; x_wconf 83' lang='lat' dir='ltr'><strong>Christo.⁵),</strong></span> <span class='ocrx_word' id='word_1_170' title='bbox 713 2875 892 2959; x_wconf 88' lang='lat' dir='ltr'><strong>subjunxit:</strong></span> <span class='ocrx_word' id='word_1_171' title='bbox 922 2872 1017 2960; x_wconf 78' lang='lat' dir='ltr'><strong>„Istis</strong></span> <span class='ocrx_word' id='word_1_172' title='bbox 1046 2875 1157 2940; x_wconf 82' lang='lat' dir='ltr'><strong>calidis</strong></span> <span class='ocrx_word' id='word_1_173' title='bbox 1184 2875 1308 2940; x_wconf 89' lang='lat' dir='ltr'><strong>naturis</strong></span> <span class='ocrx_word' id='word_1_174' title='bbox 1337 2879 1386 2940; x_wconf 88' lang='lat' dir='ltr'><strong>est</strong></span> <span class='ocrx_word' id='word_1_175' title='bbox 1412 2875 1535 2959; x_wconf 87' lang='lat' dir='ltr'><strong>aliquid</strong></span> <span class='ocrx_word' id='word_1_176' title='bbox 1562 2875 1817 2961; x_wconf 85' lang='lat' dir='ltr'><strong>condonandum,</strong></span> 
     </span>
     <span class='ocr_line' id='line_1_20' title="bbox 429 2981 1817 3069; baseline 0.002 -25"><span class='ocrx_word' id='word_1_177' title='bbox 429 3001 487 3046; x_wconf 88' lang='lat' dir='ltr'><strong>nec</strong></span> <span class='ocrx_word' id='word_1_178' title='bbox 514 3002 686 3065; x_wconf 86' lang='lat' dir='ltr'><strong>possumus</strong></span> <span class='ocrx_word' id='word_1_179' title='bbox 714 3003 767 3047; x_wconf 90' lang='lat' dir='ltr'><strong>eae</strong></span> <span class='ocrx_word' id='word_1_180' title='bbox 795 2982 901 3047; x_wconf 86' lang='lat' dir='ltr'><strong>metiri</strong></span> <span class='ocrx_word' id='word_1_181' title='bbox 930 3004 969 3047; x_wconf 85' lang='lat' dir='ltr'><strong>ex</strong></span> <span class='ocrx_word' id='word_1_182' title='bbox 995 2986 1106 3048; x_wconf 85' lang='lat' dir='ltr'><strong>nostra</strong></span> <span class='ocrx_word' id='word_1_183' title='bbox 1130 2981 1310 3069; x_wconf 80' lang='lat' dir='ltr'><strong>frigiditate</strong></span> <span class='ocrx_word' id='word_1_184' title='bbox 1333 2985 1366 3047; x_wconf 90' lang='lat' dir='ltr'><strong>et</strong></span> <span class='ocrx_word' id='word_1_185' title='bbox 1388 2983 1471 3048; x_wconf 91' lang='lat' dir='ltr'><strong>male</strong></span> <span class='ocrx_word' id='word_1_186' title='bbox 1494 2982 1643 3048; x_wconf 88' lang='lat' dir='ltr'><strong>calceatis</strong></span> <span class='ocrx_word' id='word_1_187' title='bbox 1666 2984 1817 3049; x_wconf 83' lang='lat' dir='ltr'><strong>naturis.“</strong></span> 
     </span>
    </p>
   </div>
   <div class='ocr_carea' id='block_1_8' title="bbox 429 3157 1815 3497">
    <p class='ocr_par' dir='ltr' id='par_1_9' title="bbox 429 3157 1815 3497">
     <span class='ocr_line' id='line_1_21' title="bbox 519 3157 1815 3230; baseline 0.005 -20"><span class='ocrx_word' id='word_1_188' title='bbox 519 3160 545 3225; x_wconf 91' lang='lat'><strong>1)</strong></span> <span class='ocrx_word' id='word_1_189' title='bbox 564 3157 624 3212; x_wconf 89' lang='lat' dir='ltr'><strong>scil.</strong></span> <span class='ocrx_word' id='word_1_190' title='bbox 644 3157 725 3212; x_wconf 84' lang='lat' dir='ltr'><strong>dixit.</strong></span> <span class='ocrx_word' id='word_1_191' title='bbox 755 3190 787 3198; x_wconf 90' lang='lat'>—</span> <span class='ocrx_word' id='word_1_192' title='bbox 822 3160 849 3228; x_wconf 75' lang='lat'><strong>2)</strong></span> <span class='ocrx_word' id='word_1_193' title='bbox 867 3158 966 3226; x_wconf 57' lang='lat' dir='ltr'><strong>&amp;bento</strong></span> <span class='ocrx_word' id='word_1_194' title='bbox 984 3157 1132 3228; x_wconf 70' lang='lat' dir='ltr'><strong>Dtmtetiue</strong></span> <span class='ocrx_word' id='word_1_195' title='bbox 1151 3157 1207 3211; x_wconf 83' lang='lat' dir='ltr'><strong>hll.</strong></span> <span class='ocrx_word' id='word_1_196' title='bbox 1227 3158 1299 3224; x_wconf 81' lang='lat' dir='ltr'>XIII,</span> <span class='ocrx_word' id='word_1_197' title='bbox 1320 3158 1393 3213; x_wconf 66' lang='lat'><strong>148⁵.</strong></span> <span class='ocrx_word' id='word_1_198' title='bbox 1430 3158 1486 3216; x_wconf 65' lang='lat' dir='ltr'><strong>Det</strong></span> <span class='ocrx_word' id='word_1_199' title='bbox 1504 3158 1573 3216; x_wconf 63' lang='lat' dir='ltr'><strong>Dete</strong></span> <span class='ocrx_word' id='word_1_200' title='bbox 1592 3159 1622 3229; x_wconf 66' lang='lat' dir='ltr'><strong>it</strong></span> <span class='ocrx_word' id='word_1_201' title='bbox 1640 3165 1692 3216; x_wconf 71' lang='lat' dir='ltr'><strong>uuo</strong></span> <span class='ocrx_word' id='word_1_202' title='bbox 1709 3158 1815 3230; x_wconf 64' lang='lat' dir='ltr'><strong>hirudo</strong></span> 
     </span>
     <span class='ocr_line' id='line_1_22' title="bbox 429 3245 1815 3319; baseline 0.004 -20"><span class='ocrx_word' id='word_1_203' title='bbox 429 3245 569 3313; x_wconf 79' lang='lat' dir='ltr'><strong>Bucolica,</strong></span> <span class='ocrx_word' id='word_1_204' title='bbox 589 3246 639 3301; x_wconf 89' lang='lat' dir='ltr'><strong>ecl.</strong></span> <span class='ocrx_word' id='word_1_205' title='bbox 661 3252 702 3313; x_wconf 87' lang='lat'><strong>10,</strong></span> <span class='ocrx_word' id='word_1_206' title='bbox 718 3253 759 3301; x_wconf 78' lang='lat' dir='ltr'><strong>ue.</strong></span> <span class='ocrx_word' id='word_1_207' title='bbox 794 3279 827 3287; x_wconf 93' lang='lat'><strong>—</strong></span> <span class='ocrx_word' id='word_1_208' title='bbox 860 3250 886 3316; x_wconf 85' lang='grc'><strong>3)</strong></span> <span class='ocrx_word' id='word_1_209' title='bbox 905 3246 975 3303; x_wconf 70' lang='lat' dir='ltr'><strong>lituu</strong></span> <span class='ocrx_word' id='word_1_210' title='bbox 994 3247 1084 3303; x_wconf 73' lang='lat' dir='ltr'><strong>leonte</strong></span> <span class='ocrx_word' id='word_1_211' title='bbox 1102 3247 1162 3316; x_wconf 73' lang='lat' dir='ltr'><strong>cuth</strong></span> <span class='ocrx_word' id='word_1_212' title='bbox 1181 3251 1267 3316; x_wconf 60' lang='lat' dir='ltr'><strong>„out”</strong></span> <span class='ocrx_word' id='word_1_213' title='bbox 1287 3248 1361 3317; x_wconf 70' lang='lat' dir='ltr'><strong>teies,</strong></span> <span class='ocrx_word' id='word_1_214' title='bbox 1380 3253 1437 3304; x_wconf 68' lang='lat' dir='ltr'><strong>mut</strong></span> <span class='ocrx_word' id='word_1_215' title='bbox 1455 3247 1529 3305; x_wconf 75' lang='lat' dir='ltr'><strong>tium</strong></span> <span class='ocrx_word' id='word_1_216' title='bbox 1548 3263 1615 3319; x_wconf 58' lang='lat' dir='ltr'><strong>quus</strong></span> <span class='ocrx_word' id='word_1_217' title='bbox 1628 3250 1726 3305; x_wconf 79' lang='lat' dir='ltr'><strong>cubeta</strong></span> <span class='ocrx_word' id='word_1_218' title='bbox 1740 3248 1815 3306; x_wconf 60' lang='lat' dir='ltr'><strong>&amp;tou</strong></span> 
     </span>
     <span class='ocr_line' id='line_1_23' title="bbox 429 3335 1812 3408; baseline 0.001 -17"><span class='ocrx_word' id='word_1_219' title='bbox 429 3336 504 3406; x_wconf 72' lang='lat' dir='ltr'><strong>utba,</strong></span> <span class='ocrx_word' id='word_1_220' title='bbox 529 3338 590 3392; x_wconf 81' lang='lat' dir='ltr'><strong>obet</strong></span> <span class='ocrx_word' id='word_1_221' title='bbox 613 3336 698 3406; x_wconf 60' lang='grc' dir='ltr'><strong>,μήτ”</strong></span> <span class='ocrx_word' id='word_1_222' title='bbox 723 3336 788 3393; x_wconf 82' lang='lat' dir='ltr'><strong>mitt</strong></span> <span class='ocrx_word' id='word_1_223' title='bbox 811 3335 884 3404; x_wconf 74' lang='lat' dir='ltr'><strong>hurd)</strong></span> <span class='ocrx_word' id='word_1_224' title='bbox 908 3335 1056 3405; x_wconf 67' lang='lat' dir='ltr'><strong>Dlottsftue</strong></span> <span class='ocrx_word' id='word_1_225' title='bbox 1074 3336 1130 3390; x_wconf 68' lang='grc' dir='ltr'><strong>ΒΗ.</strong></span> <span class='ocrx_word' id='word_1_226' title='bbox 1159 3336 1264 3408; x_wconf 63' lang='lat' dir='ltr'><strong>estuat.</strong></span> <span class='ocrx_word' id='word_1_227' title='bbox 1303 3367 1336 3377; x_wconf 97' lang='lat'>-</span> <span class='ocrx_word' id='word_1_228' title='bbox 1373 3338 1400 3406; x_wconf 81' lang='lat'><strong>4)</strong></span> <span class='ocrx_word' id='word_1_229' title='bbox 1423 3336 1475 3394; x_wconf 70' lang='lat' dir='ltr'><strong>Dic</strong></span> <span class='ocrx_word' id='word_1_230' title='bbox 1492 3336 1641 3408; x_wconf 69' lang='lat' dir='ltr'><strong>Doppctete</strong></span> <span class='ocrx_word' id='word_1_231' title='bbox 1663 3339 1708 3394; x_wconf 71' lang='lat' dir='ltr'><strong>beo</strong></span> <span class='ocrx_word' id='word_1_232' title='bbox 1727 3336 1812 3395; x_wconf 69' lang='lat' dir='ltr'><strong>Dent:</strong></span> 
     </span>
     <span class='ocr_line' id='line_1_24' title="bbox 429 3424 1274 3497; baseline 0 -16"><span class='ocrx_word' id='word_1_233' title='bbox 429 3426 526 3495; x_wconf 72' lang='lat' dir='ltr'><strong>proten.</strong></span> <span class='ocrx_word' id='word_1_234' title='bbox 565 3457 598 3466; x_wconf 98' lang='lat'><em>-</em></span> <span class='ocrx_word' id='word_1_235' title='bbox 637 3428 662 3495; x_wconf 74' lang='lat' dir='ltr'><strong>o)</strong></span> <span class='ocrx_word' id='word_1_236' title='bbox 681 3425 742 3482; x_wconf 63' lang='lat' dir='ltr'><strong>Det</strong></span> <span class='ocrx_word' id='word_1_237' title='bbox 760 3425 791 3495; x_wconf 67' lang='grc' dir='ltr'><strong>ἰῇ</strong></span> <span class='ocrx_word' id='word_1_238' title='bbox 809 3424 887 3494; x_wconf 73' lang='lat' dir='ltr'><strong>tietet</strong></span> <span class='ocrx_word' id='word_1_239' title='bbox 904 3424 1032 3496; x_wconf 62' lang='lat' dir='ltr'><strong>Deuites</strong></span> <span class='ocrx_word' id='word_1_240' title='bbox 1051 3424 1274 3497; x_wconf 66' lang='lat' dir='ltr'><strong>OEtdtoptomol</strong></span> 
     </span>
    </p>
   </div>
   <div class='ocr_carea' id='block_1_9' title="bbox 643 3623 1135 3709">
    <p class='ocr_par' dir='ltr' id='par_1_10' title="bbox 643 3623 1135 3709">
     <span class='ocr_line' id='line_1_25' title="bbox 643 3623 1135 3709; baseline -0.002 -19"><span class='ocrx_word' id='word_1_241' title='bbox 643 3623 725 3693; x_wconf 79' lang='lat'><strong>288.</strong></span> <span class='ocrx_word' id='word_1_242' title='bbox 759 3626 872 3709; x_wconf 74' lang='lat' dir='ltr'><strong>Inepta</strong></span> <span class='ocrx_word' id='word_1_243' title='bbox 893 3626 976 3691; x_wconf 75' lang='lat' dir='ltr'><strong>ratio</strong></span> <span class='ocrx_word' id='word_1_244' title='bbox 999 3625 1135 3691; x_wconf 74' lang='lat' dir='ltr'><strong>doomdi.</strong></span> 
     </span>
    </p>
   </div>
   <div class='ocr_carea' id='block_1_10' title="bbox 428 3765 1818 4394">
    <p class='ocr_par' dir='ltr' id='par_1_11' title="bbox 428 3765 1817 4176">
     <span class='ocr_line' id='line_1_26' title="bbox 517 3765 1817 3856; baseline 0.002 -23"><span class='ocrx_word' id='word_1_245' title='bbox 517 3767 640 3834; x_wconf 89' lang='lat' dir='ltr'><strong>Doctor</strong></span> <span class='ocrx_word' id='word_1_246' title='bbox 658 3766 806 3856; x_wconf 59' lang='lat' dir='ltr'><strong>Domum</strong></span> <span class='ocrx_word' id='word_1_247' title='bbox 829 3768 911 3833; x_wconf 83' lang='lat' dir='ltr'><strong>dixit</strong></span> <span class='ocrx_word' id='word_1_248' title='bbox 933 3768 972 3833; x_wconf 90' lang='lat' dir='ltr'><strong>de</strong></span> <span class='ocrx_word' id='word_1_249' title='bbox 990 3766 1151 3855; x_wconf 81' lang='lat' dir='ltr'><strong>Rieger¹),</strong></span> <span class='ocrx_word' id='word_1_250' title='bbox 1174 3767 1268 3833; x_wconf 91' lang='lat' dir='ltr'><strong>illum</strong></span> <span class='ocrx_word' id='word_1_251' title='bbox 1291 3789 1330 3833; x_wconf 85' lang='lat' dir='ltr'><strong>ex</strong></span> <span class='ocrx_word' id='word_1_252' title='bbox 1350 3765 1470 3834; x_wconf 83' lang='lat' dir='ltr'><strong>Graeco</strong></span> <span class='ocrx_word' id='word_1_253' title='bbox 1489 3771 1681 3834; x_wconf 89' lang='lat' dir='ltr'><strong>testamento</strong></span> <span class='ocrx_word' id='word_1_254' title='bbox 1700 3768 1817 3855; x_wconf 81' lang='lat' dir='ltr'><strong>legisse</strong></span> 
     </span>
     <span class='ocr_line' id='line_1_27' title="bbox 428 3872 1817 3964; baseline 0.001 -22"><span class='ocrx_word' id='word_1_255' title='bbox 428 3875 556 3959; x_wconf 87' lang='lat' dir='ltr'><strong>publice</strong></span> <span class='ocrx_word' id='word_1_256' title='bbox 579 3875 782 3964; x_wconf 82' lang='lat' dir='ltr'><strong>evangelium</strong></span> <span class='ocrx_word' id='word_1_257' title='bbox 806 3879 838 3941; x_wconf 89' lang='lat' dir='ltr'><strong>et</strong></span> <span class='ocrx_word' id='word_1_258' title='bbox 859 3875 1032 3960; x_wconf 89' lang='lat' dir='ltr'><strong>aliquando</strong></span> <span class='ocrx_word' id='word_1_259' title='bbox 1056 3875 1163 3961; x_wconf 92' lang='lat' dir='ltr'><strong>ipsum</strong></span> <span class='ocrx_word' id='word_1_260' title='bbox 1184 3872 1412 3962; x_wconf 84' lang='lat' dir='ltr'><strong>convenisse&#39;).</strong></span> <span class='ocrx_word' id='word_1_261' title='bbox 1453 3873 1546 3940; x_wconf 82' lang='lat' dir='ltr'><strong>Dixit</strong></span> <span class='ocrx_word' id='word_1_262' title='bbox 1564 3875 1698 3942; x_wconf 88' lang='lat' dir='ltr'><strong>Ductor:</strong></span> <span class='ocrx_word' id='word_1_263' title='bbox 1723 3875 1817 3943; x_wconf 80' lang='lat' dir='ltr'><strong>‘Mihi</strong></span> 
     </span>
     <span class='ocr_line' id='line_1_28' title="bbox 428 3979 1817 4072; baseline 0.004 -24"><span class='ocrx_word' id='word_1_264' title='bbox 428 3983 598 4069; x_wconf 86' lang='lat' dir='ltr'><strong>videretur,</strong></span> <span class='ocrx_word' id='word_1_265' title='bbox 621 3981 681 4072; x_wconf 83' lang='lat' dir='ltr'><strong>it⁸)</strong></span> <span class='ocrx_word' id='word_1_266' title='bbox 704 3981 805 4052; x_wconf 78' lang='lat' dir='ltr'><strong>toustt</strong></span> <span class='ocrx_word' id='word_1_267' title='bbox 829 3990 887 4051; x_wconf 76' lang='lat' dir='ltr'><strong>oue</strong></span> <span class='ocrx_word' id='word_1_268' title='bbox 906 3982 1029 4049; x_wconf 80' lang='lat' dir='ltr'><strong>Ductor</strong></span> <span class='ocrx_word' id='word_1_269' title='bbox 1046 3983 1205 4049; x_wconf 77' lang='lat' dir='ltr'><strong>Martinus</strong></span> <span class='ocrx_word' id='word_1_270' title='bbox 1224 3979 1379 4065; x_wconf 73' lang='lat' dir='ltr'><strong>teltumcnt</strong></span> <span class='ocrx_word' id='word_1_271' title='bbox 1396 3981 1467 4068; x_wconf 66' lang='lat' dir='ltr'><strong>uod)</strong></span> <span class='ocrx_word' id='word_1_272' title='bbox 1486 3980 1577 4068; x_wconf 72' lang='lat' dir='ltr'><strong>belias</strong></span> <span class='ocrx_word' id='word_1_273' title='bbox 1595 3981 1707 4070; x_wconf 66' lang='lat' dir='ltr'><strong>haudd</strong></span> <span class='ocrx_word' id='word_1_274' title='bbox 1726 3983 1817 4070; x_wconf 73' lang='lat' dir='ltr'><strong>trien!</strong></span> 
     </span>
     <span class='ocr_line' id='line_1_29' title="bbox 428 4090 1149 4176; baseline 0.003 -21"><span class='ocrx_word' id='word_1_275' title='bbox 428 4090 474 4155; x_wconf 82' lang='lat' dir='ltr'><strong>Et</strong></span> <span class='ocrx_word' id='word_1_276' title='bbox 495 4112 582 4157; x_wconf 88' lang='lat' dir='ltr'><strong>nunc</strong></span> <span class='ocrx_word' id='word_1_277' title='bbox 603 4092 713 4176; x_wconf 89' lang='lat' dir='ltr'><strong>audio,</strong></span> <span class='ocrx_word' id='word_1_278' title='bbox 736 4090 823 4176; x_wconf 88' lang='lat' dir='ltr'><strong>quod</strong></span> <span class='ocrx_word' id='word_1_279' title='bbox 846 4091 984 4157; x_wconf 87' lang='lat' dir='ltr'><strong>mutavit</strong></span> <span class='ocrx_word' id='word_1_280' title='bbox 1006 4091 1149 4157; x_wconf 69' lang='lat' dir='ltr'><strong>morem!</strong></span> 
     </span>
    </p>

    <p class='ocr_par' dir='ltr' id='par_1_12' title="bbox 430 4195 1818 4394">
     <span class='ocr_line' id='line_1_30' title="bbox 518 4195 1818 4283; baseline 0.002 -20"><span class='ocrx_word' id='word_1_281' title='bbox 518 4197 581 4263; x_wconf 88' lang='lat' dir='ltr'><strong>Hic</strong></span> <span class='ocrx_word' id='word_1_282' title='bbox 607 4200 693 4264; x_wconf 81' lang='lat' dir='ltr'><strong>lactu</strong></span> <span class='ocrx_word' id='word_1_283' title='bbox 720 4202 769 4264; x_wconf 86' lang='lat' dir='ltr'><strong>est</strong></span> <span class='ocrx_word' id='word_1_284' title='bbox 795 4199 916 4265; x_wconf 90' lang='lat' dir='ltr'><strong>mentio</strong></span> <span class='ocrx_word' id='word_1_285' title='bbox 941 4196 1125 4282; x_wconf 82' lang='lat' dir='ltr'><strong>Garlstadii‚</strong></span> <span class='ocrx_word' id='word_1_286' title='bbox 1152 4198 1208 4283; x_wconf 89' lang='lat' dir='ltr'><strong>qui</strong></span> <span class='ocrx_word' id='word_1_287' title='bbox 1236 4219 1361 4282; x_wconf 86' lang='lat' dir='ltr'><strong>semper</strong></span> <span class='ocrx_word' id='word_1_288' title='bbox 1384 4195 1505 4264; x_wconf 79' lang='lat' dir='ltr'><strong>Graeca</strong></span> <span class='ocrx_word' id='word_1_289' title='bbox 1532 4202 1566 4264; x_wconf 93' lang='lat' dir='ltr'><strong>et</strong></span> <span class='ocrx_word' id='word_1_290' title='bbox 1587 4197 1735 4265; x_wconf 91' lang='lat' dir='ltr'><strong>Hebraea</strong></span> <span class='ocrx_word' id='word_1_291' title='bbox 1759 4199 1818 4265; x_wconf 92' lang='lat' dir='ltr'><strong>im·</strong></span> 
     </span>
     <span class='ocr_line' id='line_1_31' title="bbox 430 4302 1817 4394; baseline 0.001 -23"><span class='ocrx_word' id='word_1_292' title='bbox 430 4305 560 4371; x_wconf 83' lang='lat' dir='ltr'><strong>miscuit</strong></span> <span class='ocrx_word' id='word_1_293' title='bbox 582 4309 615 4370; x_wconf 89' lang='lat' dir='ltr'><strong>et</strong></span> <span class='ocrx_word' id='word_1_294' title='bbox 636 4302 753 4394; x_wconf 79' lang='lat' dir='ltr'><strong>nunc⁴)</strong></span> <span class='ocrx_word' id='word_1_295' title='bbox 777 4305 907 4391; x_wconf 84' lang='lat' dir='ltr'><strong>enpulit¹</strong></span> <span class='ocrx_word' id='word_1_296' title='bbox 924 4306 1120 4391; x_wconf 85' lang='lat' dir='ltr'><strong>professores</strong></span> <span class='ocrx_word' id='word_1_297' title='bbox 1143 4309 1275 4391; x_wconf 87' lang='lat' dir='ltr'><strong>propter</strong></span> <span class='ocrx_word' id='word_1_298' title='bbox 1297 4307 1460 4392; x_wconf 80' lang='lat' dir='ltr'><strong>neglectos</strong></span> <span class='ocrx_word' id='word_1_299' title='bbox 1483 4305 1610 4393; x_wconf 81' lang='lat' dir='ltr'><strong>titulos3</strong></span> <span class='ocrx_word' id='word_1_300' title='bbox 1633 4329 1714 4391; x_wconf 90' lang='lat' dir='ltr'><strong>quos</strong></span> <span class='ocrx_word' id='word_1_301' title='bbox 1738 4307 1817 4372; x_wconf 92' lang='lat' dir='ltr'><strong>olim</strong></span> 
     </span>
    </p>
   </div>
   <div class='ocr_carea' id='block_1_11' title="bbox 428 4412 1943 4499">
    <p class='ocr_par' dir='ltr' id='par_1_13' title="bbox 428 4412 1943 4499">
     <span class='ocr_line' id='line_1_32' title="bbox 428 4412 1943 4499; baseline 0.001 -22"><span class='ocrx_word' id='word_1_302' title='bbox 428 4415 588 4479; x_wconf 85' lang='lat' dir='ltr'><strong>extinctos</strong></span> <span class='ocrx_word' id='word_1_303' title='bbox 615 4413 732 4499; x_wconf 87' lang='lat' dir='ltr'><strong>voluit,</strong></span> <span class='ocrx_word' id='word_1_304' title='bbox 759 4435 845 4480; x_wconf 88' lang='lat' dir='ltr'><strong>nunc</strong></span> <span class='ocrx_word' id='word_1_305' title='bbox 871 4413 1022 4479; x_wconf 86' lang='lat' dir='ltr'><strong>defendit.</strong></span> <span class='ocrx_word' id='word_1_306' title='bbox 1047 4452 1086 4460; x_wconf 99' lang='lat'><em>-</em></span> <span class='ocrx_word' id='word_1_307' title='bbox 1116 4413 1231 4479; x_wconf 83' lang='lat' dir='ltr'><strong>‘Tanta</strong></span> <span class='ocrx_word' id='word_1_308' title='bbox 1257 4416 1307 4479; x_wconf 88' lang='lat' dir='ltr'><strong>est</strong></span> <span class='ocrx_word' id='word_1_309' title='bbox 1333 4412 1475 4478; x_wconf 92' lang='lat' dir='ltr'><strong>hominis</strong></span> <span class='ocrx_word' id='word_1_310' title='bbox 1502 4414 1681 4480; x_wconf 88' lang='lat' dir='ltr'><strong>constantia</strong></span> <span class='ocrx_word' id='word_1_311' title='bbox 1709 4414 1743 4479; x_wconf 91' lang='lat' dir='ltr'><strong>in</strong></span> <span class='ocrx_word' id='word_1_312' title='bbox 1771 4416 1816 4480; x_wconf 92' lang='lat' dir='ltr'><strong>in·</strong></span> <span class='ocrx_word' id='word_1_313' title='bbox 1940 4474 1943 4479; x_wconf 83' lang='lat'>.</span> 
     </span>
    </p>
   </div>
   <div class='ocr_carea' id='block_1_12' title="bbox 428 4518 1818 5145">
    <p class='ocr_par' dir='ltr' id='par_1_14' title="bbox 428 4518 1818 5145">
     <span class='ocr_line' id='line_1_33' title="bbox 428 4518 1818 4608; baseline 0.001 -22"><span class='ocrx_word' id='word_1_314' title='bbox 428 4522 621 4586; x_wconf 82' lang='lat' dir='ltr'><strong>comtantia!</strong></span> <span class='ocrx_word' id='word_1_315' title='bbox 668 4518 730 4586; x_wconf 86' lang='lat' dir='ltr'><strong>Sed</strong></span> <span class='ocrx_word' id='word_1_316' title='bbox 759 4522 820 4587; x_wconf 88' lang='lat' dir='ltr'><strong>hoo</strong></span> <span class='ocrx_word' id='word_1_317' title='bbox 847 4520 938 4604; x_wconf 86' lang='lat' dir='ltr'><strong>facit,</strong></span> <span class='ocrx_word' id='word_1_318' title='bbox 965 4543 1038 4587; x_wconf 90' lang='lat' dir='ltr'><strong>oum</strong></span> <span class='ocrx_word' id='word_1_319' title='bbox 1066 4521 1223 4587; x_wconf 88' lang='lat' dir='ltr'><strong>factiones</strong></span> <span class='ocrx_word' id='word_1_320' title='bbox 1250 4519 1367 4586; x_wconf 85' lang='lat' dir='ltr'><strong>habet&#39;</strong></span> <span class='ocrx_word' id='word_1_321' title='bbox 1396 4558 1433 4568; x_wconf 99' lang='lat'><em>-</em></span> <span class='ocrx_word' id='word_1_322' title='bbox 1463 4519 1631 4608; x_wconf 83' lang='lat' dir='ltr'><strong>Zuinglius</strong></span> <span class='ocrx_word' id='word_1_323' title='bbox 1659 4522 1756 4586; x_wconf 89' lang='lat' dir='ltr'><strong>etiam</strong></span> <span class='ocrx_word' id='word_1_324' title='bbox 1783 4522 1818 4587; x_wconf 90' lang='lat' dir='ltr'><strong>in</strong></span> 
     </span>
     <span class='ocr_line' id='line_1_34' title="bbox 431 4624 1817 4715; baseline -0.001 -22"><span class='ocrx_word' id='word_1_325' title='bbox 431 4628 592 4713; x_wconf 91' lang='lat' dir='ltr'><strong>colloquio</strong></span> <span class='ocrx_word' id='word_1_326' title='bbox 616 4627 840 4714; x_wconf 80' lang='lat' dir='ltr'><strong>Marpurgensi</strong></span> <span class='ocrx_word' id='word_1_327' title='bbox 867 4627 908 4694; x_wconf 90' lang='lat' dir='ltr'><strong>ad</strong></span> <span class='ocrx_word' id='word_1_328' title='bbox 935 4628 1048 4694; x_wconf 90' lang='lat' dir='ltr'><strong>horam</strong></span> <span class='ocrx_word' id='word_1_329' title='bbox 1075 4627 1157 4715; x_wconf 78' lang='lat' dir='ltr'><strong>legit</strong></span> <span class='ocrx_word' id='word_1_330' title='bbox 1184 4650 1223 4693; x_wconf 86' lang='lat' dir='ltr'><strong>ex</strong></span> <span class='ocrx_word' id='word_1_331' title='bbox 1246 4624 1365 4693; x_wconf 80' lang='lat' dir='ltr'><strong>Graeco</strong></span> <span class='ocrx_word' id='word_1_332' title='bbox 1394 4630 1505 4693; x_wconf 90' lang='lat' dir='ltr'><strong>autore</strong></span> <span class='ocrx_word' id='word_1_333' title='bbox 1529 4649 1595 4693; x_wconf 92' lang='lat' dir='ltr'><strong>non</strong></span> <span class='ocrx_word' id='word_1_334' title='bbox 1619 4628 1687 4694; x_wconf 87' lang='lat' dir='ltr'><strong>sine</strong></span> <span class='ocrx_word' id='word_1_335' title='bbox 1710 4628 1817 4694; x_wconf 90' lang='lat' dir='ltr'><strong>taedio</strong></span> 
     </span>
     <span class='ocr_line' id='line_1_35' title="bbox 430 4733 1817 4823; baseline 0.001 -23"><span class='ocrx_word' id='word_1_336' title='bbox 430 4733 608 4823; x_wconf 77' lang='lat' dir='ltr'><strong>nliorum⁵).</strong></span> <span class='ocrx_word' id='word_1_337' title='bbox 645 4735 725 4801; x_wconf 91' lang='lat' dir='ltr'><strong>Item</strong></span> <span class='ocrx_word' id='word_1_338' title='bbox 743 4734 863 4822; x_wconf 80' lang='lat' dir='ltr'><strong>Caspar</strong></span> <span class='ocrx_word' id='word_1_339' title='bbox 878 4733 1024 4823; x_wconf 79' lang='lat' dir='ltr'><strong>Guetel⁸)</strong></span> <span class='ocrx_word' id='word_1_340' title='bbox 1043 4735 1107 4801; x_wconf 84' lang='lat' dir='ltr'><strong>fuit</strong></span> <span class='ocrx_word' id='word_1_341' title='bbox 1125 4735 1326 4822; x_wconf 80' lang='lat' dir='ltr'><strong>gratissimus</strong></span> <span class='ocrx_word' id='word_1_342' title='bbox 1345 4736 1453 4822; x_wconf 84' lang='lat' dir='ltr'><strong>vulgo,</strong></span> <span class='ocrx_word' id='word_1_343' title='bbox 1472 4738 1510 4799; x_wconf 91' lang='lat' dir='ltr'><strong>ut</strong></span> <span class='ocrx_word' id='word_1_344' title='bbox 1522 4735 1645 4801; x_wconf 89' lang='lat' dir='ltr'><strong>Doctor</strong></span> <span class='ocrx_word' id='word_1_345' title='bbox 1658 4734 1817 4801; x_wconf 87' lang='lat' dir='ltr'><strong>Martinus</strong></span> 
     </span>
     <span class='ocr_line' id='line_1_36' title="bbox 430 4841 1817 4929; baseline 0.001 -21"><span class='ocrx_word' id='word_1_346' title='bbox 430 4842 524 4929; x_wconf 87' lang='lat' dir='ltr'><strong>dixit,</strong></span> <span class='ocrx_word' id='word_1_347' title='bbox 557 4847 589 4908; x_wconf 92' lang='lat' dir='ltr'><strong>et</strong></span> <span class='ocrx_word' id='word_1_348' title='bbox 619 4847 726 4909; x_wconf 92' lang='lat' dir='ltr'><strong>tamen</strong></span> <span class='ocrx_word' id='word_1_349' title='bbox 753 4844 817 4909; x_wconf 89' lang='lat' dir='ltr'><strong>fnit</strong></span> <span class='ocrx_word' id='word_1_350' title='bbox 844 4843 1062 4929; x_wconf 88' lang='lat' dir='ltr'><strong>ineptissimus</strong></span> <span class='ocrx_word' id='word_1_351' title='bbox 1089 4841 1303 4929; x_wconf 80' lang='lat' dir='ltr'><strong>praedicator3</strong></span> <span class='ocrx_word' id='word_1_352' title='bbox 1334 4864 1410 4908; x_wconf 87' lang='lat' dir='ltr'><strong>nam</strong></span> <span class='ocrx_word' id='word_1_353' title='bbox 1437 4865 1457 4907; x_wconf 93' lang='lat' dir='ltr'><strong>a</strong></span> <span class='ocrx_word' id='word_1_354' title='bbox 1483 4842 1641 4927; x_wconf 90' lang='lat' dir='ltr'><strong>principio</strong></span> <span class='ocrx_word' id='word_1_355' title='bbox 1669 4847 1817 4926; x_wconf 88' lang='lat' dir='ltr'><strong>quartam</strong></span> 
     </span>
     <span class='ocr_line' id='line_1_37' title="bbox 429 4948 1818 5037; baseline 0.001 -22"><span class='ocrx_word' id='word_1_356' title='bbox 429 4953 552 5035; x_wconf 87' lang='lat' dir='ltr'><strong>partem</strong></span> <span class='ocrx_word' id='word_1_357' title='bbox 577 4950 674 5016; x_wconf 87' lang='lat' dir='ltr'><strong>horae</strong></span> <span class='ocrx_word' id='word_1_358' title='bbox 693 4950 807 5017; x_wconf 92' lang='lat' dir='ltr'><strong>Latine</strong></span> <span class='ocrx_word' id='word_1_359' title='bbox 826 4951 916 5016; x_wconf 82' lang='lat' dir='ltr'><strong>dixit.</strong></span> <span class='ocrx_word' id='word_1_360' title='bbox 958 4949 1012 5017; x_wconf 88' lang='lat' dir='ltr'><strong>Sic</strong></span> <span class='ocrx_word' id='word_1_361' title='bbox 1029 4949 1215 5016; x_wconf 87' lang='lat' dir='ltr'><strong>Jacobellus</strong></span> <span class='ocrx_word' id='word_1_362' title='bbox 1238 4949 1403 5034; x_wconf 88' lang='lat' dir='ltr'><strong>splendide</strong></span> <span class='ocrx_word' id='word_1_363' title='bbox 1426 4953 1458 5014; x_wconf 92' lang='lat' dir='ltr'><strong>et</strong></span> <span class='ocrx_word' id='word_1_364' title='bbox 1476 4948 1633 5015; x_wconf 89' lang='lat' dir='ltr'><strong>rhetorice</strong></span> <span class='ocrx_word' id='word_1_365' title='bbox 1652 4950 1739 5037; x_wconf 86' lang='lat' dir='ltr'><strong>dicit,</strong></span> <span class='ocrx_word' id='word_1_366' title='bbox 1762 4952 1818 5017; x_wconf 87' lang='lat' dir='ltr'><strong>sed</strong></span> 
     </span>
     <span class='ocr_line' id='line_1_38' title="bbox 430 5057 1703 5145; baseline 0.002 -24"><span class='ocrx_word' id='word_1_367' title='bbox 430 5058 546 5144; x_wconf 82' lang='lat' dir='ltr'><strong>vulgus</strong></span> <span class='ocrx_word' id='word_1_368' title='bbox 570 5058 653 5123; x_wconf 90' lang='lat' dir='ltr'><strong>nihil</strong></span> <span class='ocrx_word' id='word_1_369' title='bbox 676 5059 856 5145; x_wconf 90' lang='lat' dir='ltr'><strong>assequitur</strong></span> <span class='ocrx_word' id='word_1_370' title='bbox 878 5081 937 5125; x_wconf 90' lang='lat' dir='ltr'><strong>nec</strong></span> <span class='ocrx_word' id='word_1_371' title='bbox 960 5058 1047 5125; x_wconf 87' lang='lat' dir='ltr'><strong>aliud</strong></span> <span class='ocrx_word' id='word_1_372' title='bbox 1069 5058 1201 5145; x_wconf 83' lang='lat' dir='ltr'><strong>probat,</strong></span> <span class='ocrx_word' id='word_1_373' title='bbox 1223 5079 1319 5143; x_wconf 89' lang='lat' dir='ltr'><strong>quam</strong></span> <span class='ocrx_word' id='word_1_374' title='bbox 1344 5057 1430 5142; x_wconf 90' lang='lat' dir='ltr'><strong>quod</strong></span> <span class='ocrx_word' id='word_1_375' title='bbox 1452 5079 1519 5123; x_wconf 90' lang='lat' dir='ltr'><strong>non</strong></span> <span class='ocrx_word' id='word_1_376' title='bbox 1541 5057 1703 5145; x_wconf 78' lang='lat' dir='ltr'><strong>intelligit.</strong></span> 
     </span>
    </p>
   </div>
   <div class='ocr_carea' id='block_1_13' title="bbox 0 0 2339 6100">
    <p class='ocr_par' dir='ltr' id='par_1_15' title="bbox 0 0 2339 6100">
     <span class='ocr_line' id='line_1_39' title="bbox 0 0 2339 6100; baseline 0 0"><span class='ocrx_word' id='word_1_377' title='bbox 0 0 2339 6100; x_wconf 95' lang='lat' dir='ltr'><strong> </strong></span> 
     </span>
    </p>
   </div>
  </div>
 </body>
</html>
