4667 6109
480 727 533 787 aa.
547 726 699 786 ddi-488
971 729 1002 787 3.
1021 727 1065 788 tu
1084 729 1134 786 lo.
1153 728 1275 790 Oltaltt
1293 730 1371 788 1⁶40
1797 734 1862 799 229

480 890 515 978 iit
538 900 572 962 eo
596 891 664 980 toti)
688 891 871 981 annuntiet),
900 892 961 963 unt
986 891 1058 963 tono
1081 892 1158 980 cidit
1182 893 1325 981 adulter.
1370 895 1566 963 Potestatem
1590 898 1728 964 clarium
1756 897 1810 967 tac
1833 916 1865 965 et

480 1000 614 1087 etbuiten
637 1002 670 1066 in
693 1001 831 1087 publicis
854 1002 994 1090 flagitiis,
1017 1003 1050 1067 in
1073 1002 1208 1088 privatis
1231 1000 1323 1072 witot
1345 1011 1378 1071 et
1401 1001 1479 1088 nidd
1501 1003 1598 1089 idun?

569 1162 596 1230 1)
613 1158 715 1230 &tilio
734 1165 759 1229 2,
774 1160 868 1230 284ss
886 1160 938 1231 ool.
953 1161 1001 1219 tlt.
1017 1165 1076 1215 147.

692 1338 776 1409 437.
809 1342 910 1409 reae
931 1339 1130 1429 aeaeae).

566 1466 639 1551 „Ex
663 1468 756 1532 nobis
779 1468 934 1551 exierunt,
957 1468 1012 1532 aed
1035 1489 1075 1532 ex
1098 1468 1192 1533 nobis
1215 1489 1281 1533 non
1303 1468 1459 1533 iuenmt.“
1504 1468 1639 1534 Doctor:
1665 1467 1753 1536 ‘uec
1777 1466 1813 1552 itt
1835 1467 1863 1553 je

478 1571 591 1659 lilledo
619 1573 679 1641 une
708 1572 812 1660 going
837 1574 936 1660 gerett
963 1574 1025 1642 ant
1054 1572 1106 1658 tot
1134 1574 1201 1660 tort
1230 1571 1261 1659 io
1288 1572 1332 1641 no
1360 1572 1466 1659 hietat
1494 1573 1559 1660 tio,
1587 1573 1863 1660 cremauerunt

479 1699 576 1766 qenuq
604 1679 680 1748 leno
708 1677 894 1748 authentica.
941 1679 988 1749 ee
1016 1679 1084 1764 thot
1111 1678 1158 1748 hie
1187 1678 1310 1766 lddeitt
1336 1679 1422 1767 tedet,
1455 1682 1513 1749 too
1541 1680 1580 1765 lie
1607 1680 1637 1767 to
1661 1681 1773 1770 §deletio
1799 1682 1862 1750 unt

480 1785 615 1872 einieltiq
639 1787 727 1867 rotet,
751 1785 781 1870 io
805 1786 936 1856 tineent
960 1786 1007 1855 tie
1026 1786 1125 1855 tiebat
1147 1786 1217 1874 curt
1240 1786 1397 1873 uerticem.
1439 1786 1546 1874 &enit
1569 1802 1616 1858 too
1636 1787 1778 1874 tudima
1799 1789 1862 1857 unt

478 1896 616 1979 apostoli
641 1893 739 1979 hatten
763 1894 966 1980 gerentone,
994 1893 1050 1963 mie
1072 1894 1201 1962 Persius
1225 1893 1296 1964 oter
1318 1895 1497 1982 Juvenelia,
1524 1894 1553 1979 lo
1577 1896 1680 1965 morte
1703 1915 1775 1964 mon
1801 1893 1862 1965 teto

481 1998 559 2068 oret
581 2000 663 2070 letto
686 2000 819 2070 linceu’

567 2161 593 2229 1)
613 2166 636 2213 1.
651 2160 712 2215 Joh.
728 2167 754 2227 a,
770 2166 813 2215 re.

690 2341 773 2409 438.
806 2341 868 2409 Da'a'
890 2342 996 2421 alieni,
1019 2342 1118 2425 quid?

566 2468 689 2533 Doctor
713 2469 938 2555 interrogatus,
960 2467 1121 2550 quomodo
1144 2466 1274 2552 probari
1292 2467 1406 2551 possit,
1429 2466 1513 2532 Deos
1536 2466 1657 2533 alienos
1681 2467 1862 2554 significare

477 2577 599 2641 cultum
628 2576 813 2641 institutum
845 2580 956 2640 contra
984 2574 1117 2639 verbum
1145 2572 1220 2657 Dei,
1251 2574 1428 2659 respondit:
1461 2573 1565 2639 ‘Deua
1592 2578 1626 2639 et
1652 2575 1757 2641 cultus
1787 2581 1862 2641 eunt

476 2682 615 2748 relativa.
662 2681 746 2747 Nom
774 2682 861 2747 Deua
889 2686 938 2747 eat
964 2682 1099 2764 alicujus
1123 2678 1225 2763 Deus,
1253 2684 1286 2746 et
1313 2703 1439 2766 semper
1465 2686 1515 2746 eet
1543 2682 1576 2746 in
1603 2681 1860 2766 praedicamento

477 2790 649 2854 relationis.
694 2789 781 2854 Dens
804 2789 947 2872 requirit,
970 2790 1026 2872 qui
1049 2788 1200 2853 invocant
1223 2792 1255 2852 et
1278 2789 1396 2853 colunt.
1436 2787 1522 2853 Nam
1545 2788 1662 2854 habere
1684 2787 1788 2854 Deum
1813 2794 1862 2855 est

476 2898 579 2961 colere
597 2896 710 2960 Deum.
753 2894 866 2960 Cultus
889 2917 1015 2980 semper
1037 2895 1172 2980 requirit
1193 2894 1305 2978 Deum,
1328 2900 1365 2959 ut
1387 2917 1469 2960 uxor
1491 2900 1524 2960 et
1545 2896 1594 2959 vir
1617 2899 1692 2961 eunt
1715 2897 1860 2983 relativa3

476 3004 609 3068 maritus
633 3008 666 3068 et
688 3007 829 3068 scortum
853 3023 920 3067 non
942 3005 1018 3067 eunt
1039 3002 1181 3067 relativa.
1228 3000 1428 3086 Quicumque
1450 3002 1551 3088 igitur
1573 3002 1713 3086 aliquem
1737 3005 1859 3069 cultum

475 3111 615 3175 instituit
642 3133 681 3175 ex
705 3132 738 3175 ae
762 3110 846 3194 ipso,
874 3110 901 3173 is
925 3114 973 3175 eat
995 3110 1121 3175 adulter
1148 3114 1181 3174 et
1208 3110 1333 3193 quaerit
1357 3109 1456 3173 alium
1480 3109 1598 3193 Deum,
1625 3131 1722 3193 quam
1750 3133 1859 3175 verum

474 3218 592 3301 Deum,
625 3217 750 3283 etiamsi
778 3217 941 3301 opinetur,
968 3239 1002 3281 ae
1029 3238 1104 3281 vero
1132 3215 1202 3282 Deo
1230 3238 1303 3280 eum
1332 3215 1454 3282 cultum
1482 3221 1657 3302 praestare,
1684 3222 1721 3281 ut
1747 3217 1860 3283 Hiero

475 3326 568 3390 boum
578 3323 612 3412 ¹).
657 3322 690 3389 Ia
713 3324 855 3389 institnit
878 3325 1000 3390 cultum
1024 3344 1099 3389 vero
1121 3321 1192 3388 Deo
1216 3319 1283 3410 (lli.
1302 3321 1360 3409 42)
1383 3321 1548 3406 Israhelia,
1576 3324 1631 3389 aed
1658 3344 1731 3389 cum
1754 3324 1859 3390 cultus

475 3437 544 3497 erat
566 3433 676 3515 falano,
699 3431 794 3497 etiam
818 3428 1047 3515 Hieroboom²)
1070 3434 1139 3495 erat
1161 3431 1271 3513 falsus,
1294 3430 1350 3514 qui
1373 3452 1446 3495 euin
1469 3428 1705 3517 instituerat⁸).’

563 3553 644 3609 Goth.
660 3554 690 3607 B.
708 3558 767 3619 168,
783 3559 830 3617 '11;
848 3552 921 3607 Hire.
939 3552 1022 3618 119¹&
1040 3552 1093 3608 FB.
1110 3558 1135 3618 1,
1149 3558 1201 3605 298
1221 3554 1283 3619 (27).

563 3700 588 3765 1)
609 3705 631 3752 1.
647 3697 715 3767 Reg.
732 3704 774 3764 13,
790 3696 836 3766 lii.
861 3728 895 3737 —
923 3697 950 3764 2)
968 3695 1050 3751 Goth.
1065 3696 1096 3750 B.
1113 3700 1176 3750 168:
1195 3694 1279 3750 Deua.
1303 3726 1336 3736 -
1361 3697 1388 3764 3)
1407 3694 1488 3750 Goth.
1504 3695 1535 3749 B.
1551 3700 1615 3750 168:
1635 3712 1718 3765 quem
1737 3694 1857 3755 colebat.

687 3876 771 3945 439.
803 3878 904 3945 laea
925 3881 955 3943 3.
974 3877 1094 3962 Rectam
1117 3897 1183 3961 cap.
1202 3874 1275 3963 13¹)
1298 3876 1475 3960 eaplmtae.

562 4003 740 4089 ‘Propheta
763 4004 796 4067 in
819 4002 947 4086 Bethel,
975 4004 1031 4088 qui
1059 4002 1184 4087 decepit
1211 4002 1314 4067 virum
1338 4001 1412 4084 Dei,
1439 4006 1507 4067 erat
1533 4002 1670 4067 mendax
1692 4004 1857 4087 propheta.

473 4110 534 4175 Sed
562 4111 595 4174 in
620 4112 688 4174 viro
713 4110 772 4175 Dei
800 4110 862 4175 iuit
889 4110 988 4174 stulta
1014 4109 1195 4194 humilitas,
1222 4131 1296 4173 nam
1323 4108 1370 4173 sic
1396 4108 1550 4194 cogitavit
1576 4109 1725 4174 fortasse:
1747 4108 1858 4193 „Deua

473 4222 522 4281 est
554 4217 732 4300 mutabilia,
770 4221 802 4282 et
837 4216 865 4280 ia
897 4215 1011 4281 habuit
1045 4214 1174 4303 aliam²)
1206 4215 1461 4281 revelationem.“
1506 4213 1701 4281 Observetur
1732 4217 1767 4281 in
1798 4218 1858 4281 hac

472 4325 618 4407 historia,
641 4346 743 4407 neque
766 4324 831 4387 vim
855 4345 958 4407 neque
981 4324 1116 4410 gratiam
1141 4324 1226 4409 regie
1250 4324 1394 4409 potuisse
1417 4327 1557 4389 evertere
1580 4323 1684 4388 virum
1709 4323 1777 4407 Dei,
1802 4323 1858 4388 aed

473 4431 645 4496 mendaciis
678 4429 854 4515 prophetae
885 4430 990 4495 victua
1022 4434 1083 4514 eat3
1120 4435 1212 4495 tanta
1243 4430 1292 4495 vie
1324 4433 1373 4495 eat
1409 4429 1591 4515 hypocrisis
1627 4434 1660 4495 et
1692 4429 1857 4495 mendacii.

472 4536 564 4613 Quod
588 4541 695 4601 autern
719 4537 767 4601 vir
790 4536 850 4601 Dei
874 4537 997 4602 occicus
1021 4540 1070 4601 eet
1092 4559 1111 4600 a
1133 4538 1240 4619 leone,
1267 4537 1299 4601 id
1327 4537 1532 4620 factumest,
1560 4542 1597 4601 ut
1625 4558 1697 4601 caro
1723 4538 1857 4602 mortifi-

472 4649 610 4727 caretur,
633 4644 766 4728 epiritua
788 4648 895 4708 autem
919 4643 1228 4727 ealvuefieret31eo
1252 4644 1337 4708 enim
1359 4644 1442 4709 nihil
1464 4644 1541 4709 iecit
1563 4644 1689 4728 corpori
1712 4644 1772 4709 viri
1796 4643 1856 4709 Dei

472 4755 529 4815 aut
556 4751 655 4816 acino.
702 4749 756 4815 Sic
782 4751 879 4816 etiam
908 4751 992 4837 ignia
1020 4748 1102 4815 nihil
1129 4751 1241 4815 nocuit
1268 4750 1344 4815 filiis
1372 4748 1546 4836 Aharon³),
1573 4751 1628 4834 qui
1656 4751 1760 4815 alieno
1788 4751 1856 4838 igni

471 4858 701 4941 sacrificabant,
723 4857 786 4922 hoc
804 4861 866 4923 est:
889 4856 1053 4922 Dederunt
1071 4857 1253 4942 corporales
1271 4879 1390 4942 poenae
1409 4880 1484 4922 auae
1505 4858 1777 4944 transgressionis,
1800 4860 1855 4923 sed

471 4966 532 5049 ipsi
550 4969 625 5030 eunt
644 4965 723 5030 salvi
740 4964 827 5030 facti.
868 4961 991 5031 omme
1010 4960 1065 5047 iot
1084 4960 1132 5030 eto
1151 4960 1289 5048 pretege
1306 4962 1382 5049 eicit
1401 4962 1455 5031 too
1475 4961 1534 5049 lein
1554 4961 1616 5031 unt
1636 4969 1743 5031 attinet
1762 4973 1855 5033 uenat

471 5070 523 5157 llssl
542 5069 758 5140 untettvinbeu.
796 5069 882 5142 (drot
905 5067 968 5155 iiic,
992 5092 1061 5136 esse
1084 5070 1267 5136 ministrum
1291 5071 1388 5156 verbi,
1412 5070 1467 5136 aed
1490 5071 1523 5135 id
1546 5071 1759 5136 ministerium
1782 5092 1855 5137 cum

2000 2566 2014 2601 t
