4667 6109
470 646 509 701 VI

785 788 1147 873 Personenbestend
1175 788 1245 872 der
1271 786 1540 873 Kommission:

473 970 567 1038 Seine
599 970 773 1036 Excellens
810 970 866 1035 der
896 969 1045 1035 Minister
1077 969 1132 1035 des
1163 968 1284 1035 Kulius
1315 969 1382 1034 und
1413 969 1620 1035 sffentliehen
1650 967 1857 1035 Unterriehis

560 1078 615 1143 Dr.
638 1100 698 1145 von
719 1078 902 1162 Seydewifr,
924 1076 1159 1143 Vorsitzender.

472 1184 643 1253 Geheimer
660 1185 725 1251 Rei
743 1184 799 1250 Dr.
818 1184 940 1264 lisseol,
964 1183 1118 1249 Direkior
1141 1184 1196 1249 des
1215 1184 1290 1271 Kgl.
1309 1182 1417 1250 Siehs.
1436 1182 1799 1269 Hauptstaeis-Arehivs
1822 1184 1857 1249 in

560 1292 717 1376 Dresden,
741 1273 1032 1357 stellvertreiender
1053 1289 1288 1356 Vorsitzender.

472 1382 640 1449 Professor
662 1380 718 1447 Dr.
736 1381 923 1465 Lamprechf
944 1381 979 1445 in
1001 1379 1147 1467 Leipzig,
1170 1379 1505 1467 gesehiiftsfiihrendes
1528 1379 1686 1467 Mitglied.

471 1489 638 1555 Professor
656 1487 712 1553 Dr.
730 1488 864 1572 Seeliper
881 1488 915 1552 in
929 1485 1197 1575 Leipzig-Gohlis‚
1216 1486 1505 1553 siellvertretendes
1525 1486 1857 1574 gesehfrstsffihrendes

561 1595 719 1683 Mitglied.

471 1704 638 1770 Professor
660 1701 715 1767 Dr.
739 1702 970 1786 Brandenburp
992 1702 1027 1767 in
1049 1701 1191 1788 Leipzig.

472 1809 640 1877 Geheimer
663 1810 856 1876 Kirohenret
877 1808 1044 1875 Professor
1067 1808 1106 1874 D.
1125 1809 1256 1894 Brieger
1278 1810 1312 1875 in
1334 1808 1476 1896 Leipzig.

471 1918 638 1984 Professor
660 1917 715 1983 Dr.
738 1916 895 1983 Budehols
917 1916 952 1982 in
973 1915 1114 2002 Leipzig.

473 2023 642 2091 Geheimer
663 2023 782 2091 Hofrst
803 2024 971 2089 Professor
993 2022 1048 2089 Dr.
1068 2024 1191 2090 Boioher
1213 2024 1248 2089 in
1270 2023 1413 2112 Leipzig.

473 2131 798 2219 Oberregierimgsret
820 2130 876 2196 Dr.
895 2132 1043 2198 Emisere
1065 2132 1099 2196 in
1122 2131 1276 2197 Dresders

472 2239 737 2306 Oberstleutnsnt
758 2240 881 2318 Error,
904 2237 1067 2304 Vorstsnd
1089 2238 1144 2304 des
1168 2238 1243 2325 Kgl.
1266 2239 1509 2325 Kriegserohivs
1533 2240 1566 2305 in
1589 2239 1742 2306 Dresden.

474 2345 644 2414 Geheimer
665 2346 731 2412 Rae
751 2345 920 2411 Professor
941 2345 996 2410 Dr.
1014 2345 1186 2430 Friedberp
1208 2346 1242 2410 in
1265 2345 1405 2434 Leipzig.

472 2453 639 2521 Professor
674 2452 729 2518 Dr.
765 2474 825 2520 von
863 2453 1034 2533 Gebhard,
1075 2452 1229 2518 Direkior
1269 2453 1326 2519 der
1360 2453 1787 2521 Universitsts-Bibliothek
1825 2456 1858 2520 in

560 2560 701 2648 Leipzig.

472 2668 639 2735 Professor
660 2667 716 2732 Dr.
742 2667 820 2734 Gess
843 2667 876 2732 in
898 2666 1051 2732 Dresden.

474 2775 641 2843 Geheimer
663 2774 856 2841 Kirehenret
878 2773 1044 2840 Professor
1066 2773 1106 2839 D.
1125 2774 1239 2841 Hares
1262 2775 1295 2839 in
1318 2773 1586 2862 Leipzig-Gohlis.

472 2884 597 2951 Rekior
618 2882 785 2948 Professor
806 2881 862 2947 Dr.
880 2881 1030 2948 Kc‘immel
1051 2882 1086 2947 in
1108 2880 1249 2969 Leipzig.

473 2990 798 3077 Oberregierungsrat
819 2988 875 3054 Dr.
895 2989 991 3056 Posse
1012 2987 1047 3055 in
1069 2987 1223 3055 Dresders

474 3096 642 3164 Geheimer
663 3096 782 3162 Hofret
804 3096 972 3162 Professor
993 3095 1048 3161 Dr.
1067 3095 1178 3162 Rofeei
1199 3096 1234 3162 in
1256 3095 1398 3184 Leipzig.

474 3204 643 3272 Geheimer
665 3203 784 3271 Hofrst
805 3203 972 3270 Professor
993 3202 1049 3269 Dr.
1069 3204 1157 3288 Rupe
1180 3202 1214 3268 in
1235 3202 1389 3269 Dresden.

475 3312 642 3378 Professor
664 3310 719 3376 Dr.
737 3309 932 3378 Schmareow
956 3309 990 3375 in
1012 3309 1154 3397 Leipzig.

475 3418 643 3486 Geheimer
669 3417 788 3483 Hofret
814 3417 982 3484 Professor
1007 3416 1063 3482 Dr.
1086 3417 1224 3483 Schnorr
1254 3440 1281 3483 v.
1305 3416 1491 3501 Garoisfeld,
1523 3418 1676 3485 Direktor
1707 3420 1763 3486 der
1785 3420 1859 3507 Kgl.

563 3525 769 3592 offeniliohen
792 3524 980 3590 Bibliothek
1003 3524 1038 3589 in
1059 3523 1214 3590 Dresden.

475 3631 643 3699 Geheimer
665 3631 783 3697 Hofret
805 3630 972 3697 Professor
994 3630 1048 3695 Dr.
1067 3631 1189 3698 siesers
1210 3630 1245 3696 in
1267 3628 1535 3718 Leipzig-Gohlis.

475 3734 643 3806 Geheimer
661 3739 779 3805 Hofrst
796 3738 964 3805 Professor
981 3738 1037 3804 Dr.
1049 3739 1234 3819 Wormorm‚
1252 3737 1406 3804 Direkior
1424 3739 1480 3804 der
1498 3738 1572 3825 Kgl.
1588 3737 1860 3827 Gemildegelerie

565 3846 598 3912 in
621 3847 773 3913 Dresden.

1008 3948 1332 4034 Subskribenten:

474 4114 550 4203 Kgl.
573 4112 975 4199 Amfsheupimannsehefi
996 4112 1180 4201 Anneberg.

475 4222 551 4310 Kgl.
574 4220 976 4307 Amishsupimannsehsft
997 4219 1177 4287 Auerbeeh.

475 4330 551 4418 Kgl.
574 4328 976 4415 Amfshsupimannseireff
998 4327 1174 4394 Chemnifz.

476 4438 551 4525 Kgl.
574 4435 976 4522 Amtsheupimennsehest
997 4433 1306 4502 moden-Aleten

477 4544 552 4633 KgL
574 4542 976 4629 Amshauptmannsehzo
997 4542 1107 4609 Ploha.

477 4651 552 4739 Kgl.
575 4650 976 4737 Amfshzuptmannsehoft
999 4648 1173 4717 Glsuehsu.

478 4758 553 4847 Kgl.
576 4757 979 4846 Amfsheupimennsehsft
1001 4757 1152 4824 Grimms.

478 4866 553 4955 Kgl.
576 4865 977 4953 Amtshsuptmenneehafi
998 4865 1139 4953 Leipzig.

479 4973 553 5063 Kgl.
576 4970 977 5061 Amtsheuptmannseheft
998 4972 1210 5060 Morienberg.
