4667 6109
483 726 536 785 Ur.
550 725 702 785 ter-4⁸⁰
974 729 1004 786 3.
1023 727 1068 788 so
1087 728 1136 786 19.
1156 727 1278 790 ousta
1296 730 1375 788 leto
1800 734 1865 799 229

483 889 518 976 iu
541 899 575 961 rs
599 890 666 978 bod)
691 890 875 980 unmuqlid),
902 893 964 963 uno
988 891 1061 963 tuns
1084 892 1161 980 uidit
1184 893 1328 981 apellen.
1373 895 1569 962 Potestatem
1593 898 1731 964 clavium
1759 897 1812 966 tou
1836 916 1868 966 et

483 998 616 1085 etholten
640 1001 673 1065 in
695 1000 833 1086 publicis
857 1001 997 1090 flagitiis,
1019 1003 1053 1066 in
1076 1002 1211 1088 privatis
1234 1000 1326 1071 mitbt
1348 1010 1382 1071 et
1405 1000 1481 1090 nida
1503 1002 1601 1088 lituu?

572 1161 599 1229 ι)
616 1157 718 1230 escun
737 1165 761 1229 a,
777 1160 871 1230 asera
889 1160 941 1231 aar.
956 1161 1004 1219 se.
1020 1165 1079 1215 rer,

695 1337 779 1408 aar.
812 1341 913 1408 aaa
933 1337 1133 1428 aeaeae).

569 1465 642 1550 „Ex
665 1466 759 1531 nobis
781 1466 937 1550 exierunt,
960 1467 1015 1531 sed
1038 1488 1077 1532 ex
1100 1467 1195 1532 nobis
1218 1490 1284 1532 non
1306 1468 1462 1533 fuemnt.“
1506 1467 1641 1534 Doctor:
1668 1467 1756 1537 ‘Dat
1780 1466 1815 1551 ill
1838 1467 1866 1553 ie

481 1571 593 1658 tutent
621 1573 682 1640 unt
711 1571 815 1659 quinq
839 1573 939 1659 qsrett
966 1574 1027 1641 unt
1057 1571 1109 1657 hot
1136 1572 1204 1659 bod)
1233 1571 1263 1659 to
1291 1572 1335 1642 au
1363 1572 1469 1660 trister
1497 1572 1562 1661 riq,
1590 1574 1647 1643 bos
1671 1583 1761 1643 mous
1789 1574 1866 1660 nicht

482 1696 579 1765 qenuq
607 1677 681 1747 torn
710 1678 897 1748 turrenses.
943 1678 990 1748 (ts
1019 1679 1087 1765 thet
1114 1678 1160 1748 tie
1189 1678 1312 1766 {ducit
1338 1678 1425 1766 redrt,
1457 1681 1515 1748 tes
1544 1680 1582 1766 tis
1610 1680 1640 1767 to
1663 1680 1775 1768 tdrtedrt
1802 1682 1865 1751 unt

483 1784 618 1871 eistettiq
641 1786 730 1867 tebet,
754 1784 783 1869 to
808 1784 939 1856 struens
963 1785 1009 1855 tis
1028 1785 1127 1855 linter
1150 1787 1219 1873 euch
1243 1786 1400 1871 rsrftetsn.
1441 1786 1549 1873 &ortt
1572 1803 1619 1857 tre
1639 1786 1780 1875 &tultus
1802 1789 1865 1858 unt

480 1895 619 1978 apostoli
643 1891 741 1977 teter
765 1892 865 1978 qerstt
887 1893 969 1980 tort,
997 1893 1053 1963 trie
1076 1894 1204 1961 Persius
1227 1893 1298 1962 oter
1320 1894 1499 1979 luvenalis,
1526 1893 1556 1978 to
1580 1895 1683 1964 marte
1706 1914 1777 1964 uren
1804 1893 1865 1966 triu

482 1997 562 2067 hott
584 1999 666 2068 tarsu
688 2000 822 2070 ronnas

570 2160 595 2228 1)
616 2164 638 2212 1.
653 2159 715 2214 Joh.
731 2166 756 2227 e,
772 2165 815 2213 ro.

693 2338 775 2408 438.
808 2340 871 2406 Dii
893 2340 999 2419 alieri,
1021 2340 1121 2423 quid?

568 2466 692 2532 Doctor
715 2467 940 2553 interrogatus,
962 2466 1124 2549 quomodo
1147 2466 1277 2551 probari
1295 2467 1408 2550 possit,
1432 2466 1516 2532 Deos
1539 2466 1660 2532 alienos
1683 2467 1864 2555 significare

479 2575 601 2639 cultum
630 2575 815 2639 institutum
848 2578 959 2639 contra
985 2574 1119 2638 verbum
1148 2572 1222 2657 Dei,
1253 2574 1430 2659 respondit:
1463 2572 1568 2639 ‘Deus
1594 2577 1628 2639 et
1654 2575 1759 2641 cultus
1789 2581 1865 2641 sunt

478 2680 617 2746 relativa.
664 2679 748 2745 Nam
777 2680 864 2746 Deus
892 2685 941 2746 est
967 2681 1102 2764 alicujus
1127 2679 1228 2763 Deus,
1255 2684 1289 2745 et
1316 2702 1442 2765 semper
1468 2685 1517 2747 est
1545 2681 1579 2745 in
1605 2681 1863 2765 praedicamento

478 2789 651 2853 relationis.
695 2786 783 2852 Deus
806 2789 950 2871 requirit,
972 2789 1029 2871 qui
1050 2787 1203 2853 invocant
1226 2792 1258 2851 et
1281 2788 1398 2852 colunt.
1439 2786 1522 2852 Nam
1547 2787 1664 2853 habere
1687 2786 1791 2854 Deum
1815 2794 1865 2856 est

478 2896 581 2960 colere
599 2894 712 2960 Deum.
756 2894 869 2960 Cultus
892 2917 1017 2980 semper
1039 2894 1174 2979 requirit
1194 2893 1307 2978 Deum,
1330 2900 1367 2959 ut
1389 2916 1471 2959 uxor
1493 2899 1526 2960 et
1548 2895 1597 2958 vir
1619 2899 1695 2960 sunt
1717 2897 1863 2983 relativa3

478 3002 612 3067 maritus
635 3007 668 3067 et
691 3006 832 3067 scortum
856 3023 922 3067 non
944 3006 1021 3067 sunt
1042 3002 1183 3066 relativa.
1231 2999 1431 3085 Quicumque
1452 3001 1554 3087 igitur
1575 3002 1715 3086 aliquem
1740 3003 1861 3069 cultum

478 3110 617 3174 instituit
644 3132 683 3174 ex
707 3132 740 3175 se
763 3110 849 3194 ipso,
876 3109 904 3173 is
927 3114 975 3174 est
997 3108 1123 3173 adulter
1150 3114 1183 3173 et
1210 3109 1334 3192 quaerit
1359 3109 1458 3173 alium
1482 3108 1600 3193 Deum,
1628 3130 1724 3192 quam
1752 3133 1862 3176 verum

476 3216 594 3299 Deum,
627 3216 752 3281 etiamsi
780 3216 943 3302 opinetur,
970 3237 1004 3280 se
1031 3237 1107 3280 rero
1134 3215 1205 3280 Deo
1232 3237 1305 3281 eum
1334 3215 1456 3281 cultum
1485 3221 1660 3302 praestare,
1686 3222 1723 3283 ut
1750 3216 1863 3283 Hiero-

477 3325 571 3389 boam
580 3322 614 3409 ¹).
660 3320 693 3387 Is
716 3324 858 3387 instituit
880 3324 1002 3389 cultum
1025 3344 1101 3388 vero
1124 3321 1194 3387 Deo
1218 3319 1285 3408 (llil.
1304 3320 1362 3409 42)
1386 3321 1550 3406 Israhelis,
1578 3323 1633 3389 sed
1660 3344 1734 3388 cunr
1757 3325 1862 3390 cultus

478 3435 546 3496 erat
568 3432 678 3514 falsus,
701 3431 797 3496 etiam
820 3428 1016 3495 Hieroboam
1024 3427 1049 3515 ²)
1073 3433 1142 3494 erat
1163 3430 1274 3513 falsus,
1296 3430 1352 3514 qui
1375 3452 1448 3495 eum
1472 3428 1707 3517 instituerat⁸).'

565 3552 646 3607 Goth.
662 3552 692 3607 Β.
710 3556 769 3618 raa,
785 3557 832 3617 τη
850 3551 924 3606 Hira.
941 3551 1024 3617 nau
1042 3551 1096 3606 FB.
1113 3557 1137 3618 1,
1152 3556 1204 3605 aas
1223 3554 1285 3619 (er).

565 3698 591 3764 1)
611 3702 633 3750 1.
649 3696 717 3766 Reg.
734 3702 776 3762 13,
792 3695 838 3765 ιῇ.
863 3728 897 3736 -
925 3696 952 3764 2)
970 3694 1053 3750 Goth.
1068 3695 1098 3748 B.
1115 3700 1178 3751 168:
1197 3694 1281 3750 Dens.
1305 3726 1338 3735 -
1363 3696 1390 3764 3)
1409 3693 1491 3749 Goth.
1506 3695 1537 3749 B.
1554 3700 1617 3749 168:
1637 3712 1720 3765 quern
1739 3694 1859 3754 colebat.

689 3874 772 3944 439.
805 3877 906 3943 Loca
928 3880 957 3942 3.
976 3876 1097 3961 Repum
1119 3873 1277 3962 ocp.13¹)
1299 3875 1477 3959 aplmtus.

565 4002 742 4086 ‘Propheta
763 4003 798 4066 in
821 4001 950 4085 Bethel,
977 4003 1033 4086 qui
1061 4002 1186 4086 decepit
1213 4000 1316 4066 virum
1340 4000 1414 4083 Dei,
1441 4006 1509 4066 erat
1536 4002 1671 4066 mendax
1695 4004 1859 4087 propheta.

475 4109 536 4173 Sed
564 4110 596 4173 in
622 4110 690 4172 viro
716 4107 775 4173 Dei
801 4108 865 4172 fnit
892 4109 990 4173 stulta
1017 4108 1197 4192 humilitas,
1224 4130 1297 4171 nam
1325 4108 1372 4172 sic
1398 4108 1553 4194 cogitavit
1578 4108 1727 4174 fortasse:
1749 4108 1860 4193 „Deus

474 4220 524 4280 est
555 4214 735 4298 mutabilis,
772 4219 805 4280 et
840 4215 868 4279 is
898 4214 1014 4280 habuit
1047 4213 1176 4302 aliani²)
1208 4214 1463 4280 revelationem.“
1508 4213 1704 4281 Observatur
1734 4216 1769 4281 in
1800 4218 1860 4281 hac

474 4324 619 4406 historia,
642 4345 744 4407 neque
767 4323 833 4386 vim
857 4344 960 4405 neque
984 4323 1119 4409 gratiani
1143 4323 1229 4408 regis
1252 4323 1396 4407 potuisse
1419 4327 1559 4389 evertere
1583 4324 1686 4388 virum
1711 4323 1779 4408 Dei,
1804 4324 1861 4389 sed

474 4430 647 4495 mendaciis
679 4428 856 4514 prophetae
887 4429 992 4494 victus
1024 4433 1086 4513 est;
1122 4434 1213 4494 tanta
1245 4430 1294 4494 vis
1326 4432 1375 4495 est
1411 4429 1592 4515 hypocrisis
1630 4434 1662 4495 et
1693 4430 1859 4496 mendacii.

474 4535 565 4612 Quod
589 4540 695 4600 autem
721 4536 769 4599 vir
790 4533 852 4599 Dei
876 4536 1000 4601 occisus
1023 4539 1072 4601 est
1094 4558 1113 4599 a
1135 4535 1242 4619 leone,
1269 4537 1302 4601 id
1328 4536 1450 4601 factum
1474 4540 1534 4621 est,
1562 4541 1599 4602 ut
1627 4559 1699 4602 caro
1726 4538 1859 4603 mortifi-

473 4647 611 4726 caretur,
635 4643 767 4728 spiritus
790 4647 897 4707 autem
922 4642 1028 4707 salvus
1051 4642 1156 4727 fieret3
1179 4644 1230 4708 leo
1253 4644 1338 4707 enim
1362 4643 1444 4708 nihil
1466 4644 1543 4709 iecit
1565 4645 1692 4729 corpori
1715 4644 1774 4709 viri
1799 4644 1858 4709 Dei

473 4755 531 4815 aut
557 4751 656 4816 asino.
703 4749 757 4815 Sic
784 4750 881 4815 etiam
911 4748 995 4837 ignis
1022 4748 1104 4814 nihil
1132 4751 1243 4815 nocuit
1270 4750 1345 4814 filiis
1373 4748 1548 4836 Aharoni),
1575 4752 1630 4835 qui
1658 4751 1762 4816 alieno
1790 4751 1858 4838 igni

473 4858 703 4940 sacrificabant,
725 4856 787 4922 hoc
805 4860 867 4922 est:
891 4856 1055 4922 Dederunt
1073 4858 1254 4942 corporales
1272 4879 1392 4942 poenas
1410 4880 1486 4922 suae
1507 4858 1779 4943 transgressionis,
1802 4859 1858 4924 sed

472 4965 533 5048 ipsi
552 4969 627 5029 eunt
645 4964 724 5028 salvi
742 4963 828 5029 faeti.
870 4961 993 5031 hecub
1012 4959 1067 5047 toll
1086 4961 1134 5030 sin
1152 4961 1290 5048 average
1307 4961 1384 5048 nicht
1403 4962 1457 5031 tau
1477 4961 1537 5048 teir
1556 4963 1617 5031 unt
1638 4969 1745 5031 sttruos
1765 4973 1858 5033 reuss

474 5068 525 5154 [io]
544 5068 760 5138 unteminten.
798 5069 884 5141 diunt
907 5068 970 5155 illd,
994 5092 1063 5137 esse
1086 5071 1269 5136 ministrum
1291 5071 1390 5156 verbi,
1413 5071 1468 5137 sed
1492 5071 1524 5135 id
1547 5071 1761 5137 ministerium
1784 5093 1856 5137 cum

2003 2566 2016 2601 h
