4667 6109
470 721 523 781 stt.
539 721 606 788 788,
622 720 678 778 784
936 720 984 778 18.
1003 719 1075 789 aaut
1094 718 1138 778 su
1159 721 1188 777 l.
1209 718 1308 792 {aaut
1328 720 1404 776 158²
1787 719 1854 784 425

472 891 688 973 provenerimt
709 885 751 952 ad
773 888 992 970 contemptum
1015 885 1111 970 illius,
1134 882 1192 951 but
1216 880 1255 967 iic
1278 881 1335 971 (Θ.
1358 882 1436 968 120)
1459 882 1585 969 bertrad)
1608 882 1655 952 nit
1678 882 1789 953 incitet
1807 901 1855 970 gc:

472 991 565 1078 tuuitt
587 990 668 1076 ἰείη)

561 1099 605 1165 Et
623 1100 705 1166 dixit
722 1099 891 1167 historiam
910 1121 950 1166 ex
968 1098 1168 1165 confessione
1186 1095 1403 1187 Augustini1),
1426 1099 1513 1184 quod
1530 1098 1706 1186 Augustini
1725 1098 1855 1184 quidam

472 1207 650 1274 commilito
679 1230 745 1275 non
774 1207 955 1292 baptizatus
985 1208 1019 1273 in
1048 1228 1151 1294 agone
1182 1206 1296 1272 mortis
1327 1229 1346 1272 a
1375 1205 1560 1292 parentibus
1590 1207 1770 1292 baptizatus
1800 1206 1856 1290 sit3

473 1337 568 1400 quem
591 1336 665 1380 cum
687 1313 890 1400 Augustinus
913 1314 1018 1381 adhuc
1040 1313 1224 1380 adolescens
1246 1314 1440 1398 accessisset,
1462 1335 1535 1380 eum
1558 1313 1757 1399 baptizatum
1776 1314 1856 1378 deri·

473 1423 565 1507 dens,
591 1421 770 1508 respondit:
800 1419 890 1507 ΠΜ),
918 1418 1010 1490 [ieter
1032 1421 1227 1508 Augustino,
1255 1417 1381 1506 §duriti
1409 1418 1471 1489 aab
1495 1418 1654 1507 proiicit
1677 1418 1725 1490 bie
1747 1418 1856 1506 {petitur

473 1528 552 1615 taut,
575 1525 688 1597 (beta
711 1525 806 1611 tunt,
833 1526 880 1595 uit
904 1525 966 1613 ulte
989 1529 1042 1596 uui
1079 1526 1134 1615 {iub
1158 1525 1212 1596 tiu
1235 1525 1375 1613 pettulit,
1402 1525 1468 1597 niu
1491 1527 1561 1613 oud
1585 1527 1695 1614 iuraui
1716 1525 1857 1612 {tertonf‘

472 1635 517 1702 llt
540 1636 586 1702 ita
607 1635 659 1701 his
681 1635 789 1701 verbis
807 1634 1026 1721 Augustinum
1050 1658 1070 1701 a
1091 1634 1296 1702 cavillatione
1318 1634 1481 1702 deterruit.
1521 1634 1598 1701 Ideo
1621 1635 1725 1723 magis
1747 1639 1855 1702 tutum

473 1747 531 1828 est,
552 1742 715 1829 baptizare
738 1741 918 1830 infantes¹).

564 1850 647 1916 Dein
667 1848 778 1916 intulit
795 1849 1017 1937 syllogismum
1035 1849 1074 1915 de
1093 1849 1254 1935 baptismo
1273 1849 1459 1915 infantium:
1482 1846 1593 1936 nun)
1617 1849 1751 1916 ecclesia
1768 1849 1857 1915 nulls

473 1958 550 2042 fuit,
577 1961 633 2023 aut
654 1958 833 2044 baptismus
860 1957 944 2022 nihil
966 1956 1080 2043 valuit,
1112 1959 1168 2023 sed
1191 1956 1389 2043 impossibile
1411 1961 1474 2040 est,
1502 1957 1666 2023 ecelesiam
1689 1980 1748 2042 per
1771 1957 1857 2022 1400

472 2087 574 2131 annos
596 2088 662 2131 non
685 2064 794 2150 fuisse,
816 2087 894 2151 ergo
917 2067 1054 2151 oportet,
1075 2064 1272 2150 baptismum
1296 2064 1330 2129 in
1353 2062 1563 2151 infantibus⁴)
1586 2063 1712 2130 valere?

561 2206 636 2260 sarr.
652 2210 699 2271 τῆς
719 2205 772 2259 PB.
787 2211 813 2273 a,
827 2211 880 2260 aaa
896 2208 959 2275 (aa).

564 2352 589 2417 1)
609 2347 685 2403 Cous.
705 2354 779 2416 4,4;
803 2349 855 2419 apl.
875 2347 1193 2419 &attentationis
1211 2345 1452 2418 sttrdeubtterttet.
1481 2352 1542 2402 264.
1574 2379 1608 2388 -
1641 2351 1668 2416 a)
1687 2347 1740 2401 FB.
1759 2347 1857 2418 {dilicti

480 2438 542 2508 tter.
571 2470 603 2478 -
634 2441 661 2507 3)
679 2437 754 2492 Fam.
775 2438 826 2509 teat
845 2437 891 2507 att
909 2437 964 2509 tter
982 2437 1032 2494 eiu.
1061 2470 1094 2477 -
1122 2439 1150 2507 4)
1169 2436 1258 2493 Parra
1277 2437 1449 2507 baptismum
1468 2436 1627 2492 infantium.

688 2632 770 2704 783.
802 2635 966 2721 Dipamiu.

565 2759 721 2826 ‘Juristse
752 2761 957 2828 offenduntur
988 2758 1160 2848 digamial)
1193 2760 1407 2846 sacerdotum,
1439 2762 1525 2846 quod
1552 2760 1600 2826 illi
1629 2783 1695 2827 uon
1720 2760 1859 2826 habeant

472 2869 526 2954 jus
554 2868 773 2954 praedicandi,
808 2872 1004 2935 sacramenta
1036 2868 1221 2956 porrigendi
1248 2873 1321 2955 etc,
1352 2890 1426 2935 cum
1459 2867 1612 2935 Salomon
1644 2872 1859 2954 centagamus,

476 2977 575 3040 immo
607 2975 810 3062 millegamus
844 2976 1007 3062 scripserit
1037 2974 1171 3060 librum,
1202 2972 1260 3044 boa
1288 2974 1346 3043 uile
1373 2973 1497 3060 insilire
1527 2973 1573 3044 uit
1596 2989 1770 3060 cermagna.
1814 2974 1859 3040 Et

476 3082 590 3149 volunt
612 3082 746 3148 verbum
765 3082 826 3148 Dei
849 3084 981 3170 alligare
1000 3083 1034 3148 in
1052 3079 1251 3169 personas¹li
1282 3080 1345 3151 aie
1368 3100 1472 3150 armen
1496 3082 1559 3150 leat
1581 3080 1683 3166 millen
1706 3080 1781 3169 bugu
1803 3079 1859 3163 uit,

476 3197 544 3257 tuot
566 3188 706 3277 digamia
728 3186 772 3273 iit
814 3190 953 3256 Lamech
975 3194 1044 3256 erat
1065 3191 1188 3276 primus
1211 3189 1357 3277 diganum
1381 3190 1478 3256 simul
1496 3190 1679 3256 viventibus
1697 3191 1859 3276 uxoribus,

476 3296 579 3363 Jacob
602 3298 840 3383 quatrigamus,
862 3301 1004 3363 attamen
1026 3301 1116 3363 erant
1139 3297 1332 3363 sanctissimi
1355 3297 1417 3364 Dei
1440 3297 1600 3364 ministri?

566 3436 653 3492 nath.
668 3436 702 3491 N.
718 3442 784 3505 auo,
802 3437 833 3492 Β.
848 3443 875 3505 a,
888 3442 954 3504 ³⁶0³
973 3435 1026 3490 FB.
1041 3443 1068 3503 4,
1083 3443 1117 3491 ea
1131 3439 1195 3507 (aa).

567 3583 593 3651 1)
616 3579 783 3650 sauctus,
811 3579 853 3635 De
871 3578 998 3650 digamia
1016 3579 1217 3650 episcoporum.
1254 3612 1289 3623 -
1326 3583 1353 3651 a)
1376 3581 1406 3635 Β.
1426 3581 1480 3638 unt
1498 3581 1551 3635 FB.
1576 3582 1630 3651 [tut
1654 3581 1691 3638 tm
1709 3580 1860 3654 &eluentes

479 3668 673 3741 mitbtltdper,
692 3670 753 3726 oter
771 3671 804 3727 et
823 3669 882 3741 uati
901 3668 1093 3741 adementia?

692 3867 774 3936 784.
806 3867 1029 3952 Sanctificetur
1044 3890 1105 3953 per
1126 3869 1259 3949 vebum,
1282 3869 1328 3934 ad
1350 3868 1474 3957 Timr)

567 3992 689 4059 Doctor
711 3991 839 4059 Gabriel
861 3997 972 4080 pastor
994 3991 1199 4081 Tergensis¹)
1223 3994 1432 4081 interrogavit
1450 3994 1624 4061 Doctorem
1646 3995 1686 4062 de
1708 3996 1764 4061 illo
1787 3997 1859 4062 loco

479 4100 571 4165 Pauli
598 4099 638 4164 ad
665 4097 917 4187 Timotheum¹):
953 4098 1197 4186 „sanctificatur
1227 4100 1313 4166 euim
1346 4123 1404 4187 per
1430 4103 1563 4168 verbum
1595 4107 1629 4169 et
1655 4102 1861 4169 orationem.“

478 4206 672 4293 Respondit:
705 4206 774 4272 ‘Pii
797 4207 906 4273 omnia
927 4206 989 4274 Dei
1011 4205 1241 4297 cognoscunt&
1269 4211 1302 4274 et
1325 4207 1381 4274 illa
1402 4231 1460 4295 per
1481 4209 1615 4275 verbum
1637 4209 1699 4276 Dei
1722 4210 1860 4276 sanctifi·

478 4319 553 4379 cant
582 4317 723 4398 orantes,
755 4315 788 4379 in
821 4314 939 4400 quibus
971 4316 1080 4381 omnia
1111 4319 1188 4381 sunt
1219 4316 1351 4400 munda,
1385 4316 1513 4402 quando
1544 4320 1679 4383 utuntur
1706 4319 1859 4383 creaturis

479 4421 652 4487 secundum
675 4420 874 4487 voluntatem
897 4420 967 4487 Dei.
1011 4420 1081 4488 Neo
1107 4423 1329 4507 patrocinatur
1354 4423 1408 4490 hia
1434 4424 1525 4491 locus
1552 4424 1701 4510 papistis,
1730 4424 1787 4509 qui
1814 4424 1861 4489 sic

479 4532 756 4615 argumentantur:
778 4525 892 4614 „Aqua
905 4527 1072 4595 benedicta
1090 4529 1189 4596 habet
1206 4532 1337 4596 verbum
1351 4530 1426 4618 Dei,
1447 4553 1504 4597 vos
1523 4531 1729 4599 contemnitis
1743 4554 1859 4617 aquam

479 4634 691 4720 benedictam,
713 4656 789 4722 ergo
813 4640 846 4701 et
870 4635 1001 4701 verbum
1020 4635 1080 4701 Dei
1104 4637 1338 4704 contemnitis.“
1373 4637 1611 4726 Respondso⁴):
1633 4638 1706 4704 Hoc
1722 4659 1788 4704 non
1811 4643 1861 4705 est

480 4744 629 4808 voluntas
647 4747 680 4808 et
698 4746 903 4841 praeceptum
921 4741 993 4828 Dei,
1016 4743 1114 4808 immo
1132 4742 1213 4810 haec
1231 4749 1280 4810 est
1297 4746 1503 4829 abominatio,
1526 4746 1612 4831 quod
1630 4769 1746 4831 aquam
1766 4768 1858 4831 super

479 4853 627 4916 naturam
646 4846 814 4937 facimusl)
833 4848 1005 4916 salutarem
1020 4851 1153 4916 animae.
1191 4848 1261 4920 {dit
1279 4851 1394 4940 ῖετειΰ)
1413 4850 1482 4936 auct)
1502 4852 1559 4921 bat
1573 4852 1758 4919 Benedidte
1775 4850 1860 4939 nicht,

481 4954 538 5024 but
562 4953 609 5024 bie
637 4953 717 5041 lueth
745 4954 836 5040 better
863 4955 972 5036 inethe,
1002 4955 1081 5026 bena
1109 4955 1148 5043 lie
1176 4955 1285 5044 corbin
1312 4955 1363 5045 ili,
1395 4958 1450 5026 sed
1478 4959 1505 5024 si
1533 4958 1641 5025 cibum
1674 4959 1746 5025 ideo
1778 4959 1860 5027 salu·

481 5061 537 5150 (Θ.
554 5061 633 5150 121)
652 5064 781 5131 tiferum
800 5064 1039 5150 arbitraremur,
1055 5070 1133 5131 tunc
1151 5069 1235 5131 esset
1248 5066 1366 5132 abusus
1380 5065 1468 5133 verbi
1483 5065 1552 5131 Dei.
1587 5067 1677 5153 Ergo
1691 5066 1862 5155 diligenter
