4667 6109
472 738 526 798 stt.
541 738 609 806 tte,
624 738 681 797 tes
983 737 1060 798 ωε
1076 737 1125 797 Μ
1143 735 1252 808 ΝΜ
1272 739 1347 796 lter
1791 737 1855 803 431

688 901 769 971 793.
802 900 858 991 (Ξ
879 901 936 990 70)
961 901 1199 970 Concedicram
1222 902 1360 969 Terentii
1381 900 1645 992 emmaum).

561 1028 721 1095 Dominus
743 1027 910 1094 Johannes
929 1026 1117 1116 Oellarius')
1140 1030 1235 1115 petiit
1257 1029 1426 1095 consilium
1449 1028 1608 1114 Doctoris,
1631 1027 1753 1094 dicens:
1779 1027 1859 1114 „Est

473 1136 559 1220 apud
582 1135 790 1202 Budissenses
817 1135 1023 1224 paedagogus
1049 1158 1116 1202 non
1143 1135 1334 1222 ineruditus3
1366 1136 1394 1201 is
1422 1156 1495 1201 cum
1523 1135 1631 1222 pueris
1659 1135 1858 1201 comoediam

472 1241 614 1308 Andriae
645 1243 801 1329 agendam
834 1243 1040 1327 instituisset,
1071 1244 1166 1308 multi
1200 1243 1313 1309 offensi
1345 1248 1421 1310 sunt
1447 1266 1486 1309 ex
1514 1244 1571 1308 tali
1595 1244 1734 1327 actione,
1766 1242 1859 1326 quasi

474 1350 580 1415 minus
608 1350 707 1436 digna
730 1349 913 1417 Christiano
943 1350 1073 1416 homine
1096 1350 1174 1416 etc.“
1218 1348 1303 1427 Quid
1332 1370 1409 1436 ergo
1437 1350 1506 1435 ipse
1534 1349 1573 1415 de
1600 1372 1638 1415 ea
1664 1372 1698 1415 re
1721 1348 1860 1416 sentiat?

473 1456 654 1542 Respondit
670 1456 802 1542 Ductor,
824 1456 1061 1522 comoediarum
1083 1457 1225 1523 actiones
1244 1461 1277 1523 et
1293 1457 1401 1542 pueris
1419 1456 1598 1522 recitandas
1617 1478 1699 1543 esse;
1721 1457 1825 1542 primo
1832 1452 1858 1542 ⁸)

475 1567 606 1647 propter
627 1565 813 1629 exercitium
836 1564 969 1630 Latinae
995 1565 1141 1649 liuguae,
1170 1563 1284 1630 deinde
1305 1561 1393 1648 quod
1416 1562 1596 1651 publicae⁴)
1623 1563 1658 1628 in
1686 1562 1859 1629 comoediis

474 1669 629 1736 confictae
658 1671 723 1737 sint
749 1690 919 1756 personae,
946 1670 1062 1755 quibus
1089 1671 1276 1738 erudiantur
1297 1670 1444 1737 homines
1467 1691 1505 1736 ac
1528 1670 1578 1735 sui
1602 1671 1738 1755 quisque
1760 1669 1860 1734 officii

475 1776 721 1843 admoneantur:
745 1777 830 1855 Quid
852 1800 990 1862 servum,
1012 1778 1091 1863 quid
1113 1777 1235 1863 herum,
1258 1777 1335 1862 quid
1358 1777 1602 1862 adolescentem,
1625 1773 1680 1864 (Θ.
1701 1775 1759 1864 71)
1781 1776 1860 1861 quid

475 1906 583 1949 senem
616 1889 649 1951 et
680 1883 790 1950 deceat
821 1889 853 1951 et
884 1886 987 1951 iacere
1020 1889 1180 1971 oporteat:
1216 1884 1336 1970 ‘Atque
1371 1885 1451 1951 adeo
1486 1884 1630 1950 omnium
1663 1884 1858 1971 dignitatum

477 1991 595 2076 gradus
617 2014 674 2057 seu
697 1992 805 2057 officia
827 1993 919 2076 quasi
941 1994 975 2057 iu
998 1993 1062 2058 illis
1086 1989 1226 2080 coram⁶)
1250 1997 1435 2079 comuntur,
1463 1991 1605 2058 adhaec
1628 1991 1694 2057 doli
1717 1994 1750 2057 et
1772 1995 1857 2056 astu·

475 2098 540 2163 tiae
559 2099 828 2183 muliercularum,
850 2100 1037 2184 praesertim
1056 2100 1297 2165 inhonestarum
1322 2099 1552 2184 describuntur,
1575 2103 1744 2185 parentum
1763 2098 1861 2164 simul

476 2208 509 2270 et
530 2205 843 2272 adolescentulorum
867 2206 983 2292 officia,
1006 2206 1167 2291 quomodo
1191 2207 1314 2273 sufficet
1336 2208 1420 2273 filios
1439 2228 1514 2272 suos
1533 2211 1565 2272 et
1582 2206 1800 2273 adolescentes
1819 2205 1860 2270 ad

476 2313 661 2400 conjugium
699 2313 898 2399 pertrahant,
934 2313 1082 2380 similiter
1116 2315 1334 2381 adolescentes
1370 2336 1492 2380 morem
1530 2318 1644 2400 gerant
1674 2314 1860 2399 parentibus

477 2422 575 2502 atque
601 2442 718 2486 uxores
742 2420 859 2486 ducant
881 2425 939 2486 etc.
986 2419 1058 2486 Hoc
1080 2422 1115 2486 in
1137 2421 1311 2488 comoediis
1334 2422 1455 2508 agitur,
1483 2417 1578 2505 quod
1592 2418 1695 2508 tum⁸)
1723 2421 1861 2486 maxime

476 2526 556 2591 utile
583 2531 632 2592 est
658 2532 691 2593 et
713 2525 778 2593 illis
801 2528 883 2593 scitu
906 2529 1134 2612 necessarium,
1163 2528 1250 2612 quod
1276 2528 1540 2614 adrespublieas
1569 2527 1723 2614 gerendas
1750 2531 1783 2594 et
1808 2527 1861 2593 ad-

479 2632 749 2700 ministrationem
778 2633 973 2720 reipublicae
1001 2656 1067 2700 non
1098 2634 1340 2720 proveniantur,
1371 2635 1433 2701 nisi
1463 2658 1521 2721 per
1547 2635 1743 2721 conjugium.
1792 2632 1863 2700 Nec

477 2745 536 2826 est,
558 2741 644 2827 quod
667 2741 739 2806 ideo
759 2741 950 2807 Christianis
973 2746 1005 2807 et
1028 2742 1090 2826 piis
1111 2742 1266 2829 legendae
1288 2747 1322 2809 et
1343 2741 1484 2830 agendae
1503 2742 1686 2808 comoediae
1703 2763 1770 2807 non
1787 2742 1861 2826 sint,

477 2850 554 2935 quia
572 2848 733 2914 interdum
752 2849 911 2915 obscoena
929 2853 962 2914 et
979 2850 1134 2915 amatoria
1152 2850 1349 2934 contineant,
1370 2871 1443 2915 cum
1462 2851 1572 2915 eadem
1591 2872 1720 2935 quoque
1737 2850 1861 2915 ratione

478 2977 606 3040 quoque
633 2955 736 3021 biblia
764 2954 947 3021 Christiano
973 2977 1039 3021 non
1067 2959 1151 3022 esset
1176 2956 1325 3043 legenda,
1352 2957 1428 3041 quia
1454 2957 1489 3022 in
1516 2957 1627 3023 multis
1656 2957 1736 3023 locis
1763 2957 1861 3023 etiam

478 3067 554 3129 sunt
575 3060 772 3150 amatoria⁷).
818 3060 923 3139 Quare
949 3063 998 3128 nil
1025 3068 1087 3148 est,
1119 3063 1206 3148 quod
1233 3064 1287 3128 isti
1314 3065 1418 3129 nostri
1440 3064 1586 3130 homines
1609 3063 1861 3130 obscoenitatem

477 3174 666 3256 praetexant
701 3171 736 3236 in
771 3170 945 3236 comoediis
981 3191 1115 3254 eamque
1151 3168 1194 3235 ob
1230 3193 1357 3237 causam
1395 3171 1577 3237 earumdem
1616 3172 1774 3237 actionem
1811 3170 1862 3236 vel

477 3276 649 3343 lectionem
673 3275 856 3342 Christiano
879 3275 1081 3342 interdictum
1103 3278 1239 3363 putent?

567 3398 666 3454 *eoru
683 3403 760 3456 moe.
779 3431 814 3440 -
833 3398 890 3454 ser.
905 3398 972 3467 40³3
990 3399 1066 3453 sarr.
1082 3404 1147 3469 42²3
1165 3399 1219 3454 FB.
1234 3406 1260 3468 4,
1274 3405 1326 3455 saa
1340 3404 1387 3471 (a).

569 3526 596 3596 1)
622 3524 675 3581 aa
692 3523 783 3581 tuobe
807 3524 880 3596 ficit,
904 3532 956 3581 ocu
975 3524 1101 3594 berletbtn
1119 3525 1195 3597 nont
1214 3525 1380 3596 gddpriebenz
1407 3523 1528 3594 „Cicero
1566 3523 1720 3580 Comoedia
1738 3527 1783 3580 est
1799 3524 1862 3578 imi-

477 3615 550 3670 tatio
568 3614 653 3680 vitae,
670 3613 816 3685 speculum
835 3613 1054 3682 consuetudinis,
1073 3614 1167 3685 imago
1186 3614 1339 3671 variatim·
1376 3614 1428 3672 aa
1448 3613 1533 3674 &telle
1551 3614 1640 3686 pettit
1657 3629 1690 3687 pu
1708 3616 1757 3671 ben
1775 3613 1861 3685 Frag-

478 3706 574 3760 menta
591 3702 727 3758 librorum
745 3703 915 3758 incertorum
934 3702 1048 3761 dimoc.
1073 3735 1106 3744 —
1130 3706 1157 3775 2)
1177 3702 1309 3760 &trdus
1327 3715 1383 3761 not
1402 3709 1470 3759 1537
1489 3703 1550 3774 uod)
1568 3704 1598 3760 tu
1616 3702 1728 3775 vasten
1746 3702 1860 3774 tilam

479 3793 530 3864 opl.
550 3792 581 3849 9.
596 3793 631 3850 U.
646 3792 836 3862 Dittmann,
856 3791 1041 3864 ssrtetrddoit
1059 3793 1102 3849 ber
1120 3791 1282 3865 Diethusa.
1311 3797 1360 3864 2⁷3
1388 3793 1467 3848 haut.
1483 3799 1526 3848 29.
1555 3825 1587 3833 —
1617 3795 1644 3862 3)
1663 3791 1729 3861 Ser,
1748 3791 1861 3864 turpent,

478 3882 529 3953 litt
552 3882 599 3952 trit
616 3882 672 3954 tier
690 3882 740 3939 riu.
778 3915 810 3922 —
847 3884 875 3952 4)
903 3882 974 3938 Ser:
1002 3881 1150 3953 pulchrae,
1177 3881 1245 3936 PR:
1274 3881 1345 3953 „teto
1362 3881 1503 3952 maulim
1532 3880 1673 3951 tentator
1695 3881 1785 3952 {cetui
1807 3881 1862 3951 etto

479 3970 595 4041 pulchre
614 3982 662 4028 our
680 3970 724 4042 fio
744 3971 835 4042 attuit
852 3986 885 4042 311
903 3972 994 4042 suan.
1032 4003 1065 4012 —
1102 3973 1130 4041 t)
1153 3971 1224 4026 Ser:
1243 3973 1274 4025 in
1292 3970 1350 4024 illis
1368 3971 1451 4040 quasi
1468 3971 1499 4024 in
1518 3969 1639 4040 speculo.
1677 4001 1711 4011 —
1748 3973 1775 4040 6)
1794 3969 1862 4039 tuor

478 4059 546 4116 FR:
574 4060 682 4130 „nctus
704 4061 771 4116 mnu
793 4060 847 4131 {etr
865 4062 920 4132 otte
938 4060 1062 4130 ciust
1098 4061 1161 4131 ttttc
1180 4064 1241 4115 tum
1260 4086 1293 4106 ==
1312 4063 1409 4130 „trum
1433 4061 1528 4116 bauo&
1565 4091 1599 4100 —
1637 4063 1664 4129 t)
1691 4060 1781 4126 Fan„
1808 4060 1864 4130 titt

479 4149 594 4220 tutaret,
613 4147 714 4219 lttltett
732 4149 795 4221 iter.

696 4310 780 4379 rer.
813 4309 870 4401 (e.
889 4311 970 4399 coo)
992 4312 1056 4379 aa
1077 4318 1106 4379 e
1126 4311 1289 4381 stem
1309 4311 1439 4379 coac.

570 4434 923 4525 vituperantium
946 4435 998 4506 bet
1020 4435 1143 4523 aeaco
1164 4434 1262 4526 toton
1286 4438 1306 4504 2
1330 4434 1525 4525 consiaco).
1566 4434 1680 4524 Uetere
1699 4435 1863 4524 benuntia

481 4546 621 4631 primum
644 4549 751 4630 terret,
773 4549 849 4631 post
870 4566 979 4612 rursus
996 4545 1101 4633 erigit,
1124 4547 1317 4632 consolatur,
1339 4545 1435 4630 idque
1454 4545 1494 4610 ad
1513 4544 1716 4611 occidendam
1736 4566 1863 4610 carnem

481 4657 581 4736 utque
604 4652 736 4736 spiritua
759 4652 946 4718 vivificetur.
993 4649 1046 4717 Sic
1068 4653 1164 4718 etiam
1188 4650 1306 4740 Angeli
1329 4652 1406 4718 boni
1428 4653 1568 4737 primum
1592 4655 1722 4738 terrent,
1749 4650 1863 4717 deinde

481 4760 610 4825 territos
632 4761 847 4825 consolantur.
888 4758 1044 4825 Diabolus
1067 4756 1206 4847 autem')
1231 4761 1335 4844 primo
1353 4759 1518 4825 blanditur
1534 4758 1720 4824 hominibus
1738 4758 1773 4824 in
1791 4779 1863 4844 pec·

481 4868 572 4951 catis,
593 4871 706 4953 postea
728 4867 762 4932 in
785 4866 1038 4953 desperationem
1061 4867 1203 4953 adducit,
1231 4867 1388 4932 exhilarat
1410 4888 1537 4932 carnem
1561 4871 1593 4952 et
1615 4865 1765 4951 spiritum
1789 4887 1863 4930 con-

481 4976 604 5061 tristat;
626 4975 709 5040 inter
731 4974 927 5060 peccandum
951 4974 1036 5040 enim
1060 4974 1167 5039 nullus
1190 4973 1282 5038 dolor
1304 4978 1362 5060 cst,
1384 4973 1440 5038 sed
1457 4978 1533 5059 post
1550 4973 1743 5056 relinquitur
1760 4974 1862 5039 tristis

480 5087 514 5147 et
537 5082 777 5168 desperabunda
799 5081 1013 5147 conscientia'
