4667 6109
1004 738 1162 810 tutam
1182 739 1236 798 1ιὶ
1256 738 1355 801 Met
1749 738 1805 799 ur.
1821 739 1880 797 Μ

705 920 787 989 749.
819 920 901 1008 De¹)
918 944 1010 1006 popo
1032 920 1091 1008 σι’)
1114 923 1315 988 maso

579 1047 764 1113 ‘Horrenda
791 1051 875 1112 certe
902 1048 964 1112 fnit
992 1049 1127 1112 caecitas
1151 1051 1184 1112 et
1206 1048 1254 1112 ira
1275 1047 1337 1113 Dei
1360 1068 1495 1134 regnum
1518 1068 1634 1132 papae,
1665 1047 1752 1131 quod
1776 1047 1823 1112 ita
1847 1047 1881 1111 in

490 1154 651 1219 erroribus
674 1160 706 1219 et
730 1154 902 1219 mendaciis
926 1155 1099 1218 efficaciter
1121 1155 1277 1240 regnavit,
1299 1159 1338 1219 ut
1358 1155 1466 1219 nullus
1485 1154 1653 1219 hominum
1672 1154 1882 1240 intelligeret,

471 1259 520 1344 ,lo
544 1259 611 1346 bour
636 1259 682 1329 tie
707 1258 776 1346 titd
800 1259 830 1346 le
854 1258 981 1347 teidlid)
1006 1258 1366 1348 nertin(<;³>.102)cot
1389 1259 1431 1327 im
1451 1257 1486 1345 iit
1505 1265 1656 1345 percurret
1674 1258 1799 1329 merten
1818 1273 1880 1327 uon

490 1366 611 1453 dttilto
635 1368 696 1437 unt
721 1365 869 1454 apellata,
902 1365 932 1451 to
956 1366 1034 1452 tote·
1050 1365 1098 1453 ipe
1122 1366 1191 1453 unct
1211 1365 1287 1452 uidit
1310 1386 1350 1435 on
1373 1365 1474 1435 leuteu
1497 1365 1610 1452 gefelet,
1634 1369 1690 1453 qni
1713 1369 1880 1452 praeclara

488 1475 670 1541 habuenmt
693 1476 829 1561 ingenia,
852 1476 907 1559 qui
930 1475 993 1541 hoc
1011 1476 1175 1560 percipere
1193 1473 1385 1540 debuissent.
1420 1473 1497 1540 Ideo
1516 1496 1576 1561 ego
1595 1475 1722 1558 saepius
1742 1477 1879 1540 miratus

490 1605 561 1647 sum
592 1583 665 1646 illas
695 1582 850 1647 tenebras.
897 1580 961 1646 Sed
990 1604 1055 1647 non
1081 1583 1175 1666 potui
1202 1583 1326 1647 solvere
1352 1582 1416 1646 nisi
1444 1582 1530 1647 dicto
1553 1581 1646 1647 Pauli
1670 1581 1699 1644 2.
1723 1579 1880 1668 Thess.‘):

489 1688 652 1773 „Tradidit
674 1710 729 1754 eos
752 1689 984 1754 inefficaciam
1008 1689 1151 1754 erroris.“
1195 1687 1256 1753 llla
1278 1689 1407 1775 energia
1429 1693 1495 1753 tam
1519 1692 1634 1772 potens
1657 1688 1729 1770 fnit,
1751 1693 1789 1752 ut
1812 1709 1880 1752 non

489 1798 653 1881 potuerint
677 1797 890 1861 crassissimos
909 1794 1063 1883 errores⁴)
1083 1795 1269 1881 intelligere.
1307 1794 1391 1862 Nam
1410 1796 1490 1860 haec
1508 1792 1661 1881 scilicet⁶)
1681 1794 1744 1859 duo
1765 1795 1879 1859 funde

490 1908 598 1968 menta
616 1925 731 1988 pupae:
757 1904 783 1966 1.
802 1902 1052 1988 „Quodcumque
1069 1903 1245 1989 ligaveritis
1261 1904 1295 1966 in
1308 1903 1410 1986 terris,
1434 1903 1494 1967 erit
1510 1903 1647 1988 ligatum
1666 1903 1701 1966 in
1720 1898 1879 1987 caelis⁸).“

490 2008 571 2075 Item
596 2011 625 2074 2.
648 2009 766 2094 „Pasce
789 2032 864 2075 ores
888 2009 1045 2097 meas⁷)l“
1080 2007 1191 2096 Illos⁸)
1215 2011 1304 2074 locos
1327 2011 1373 2074 ita
1395 2011 1499 2093 torsit,
1520 2013 1567 2092 ut,
1591 2008 1746 2093 quidquid
1771 2010 1879 2091 vellet,

490 2122 706 2202 praesumeret
733 2139 816 2201 papa
846 2119 880 2181 in
907 2117 1040 2183 ecclesia
1069 2122 1101 2181 et
1129 2118 1259 2201 politia,
1291 2121 1327 2181 ut
1353 2116 1493 2182 traderet
1520 2116 1694 2198 dominas,
1728 2120 1880 2198 mutaret,

490 2223 654 2288 damnaret
676 2229 708 2289 et
731 2225 878 2307 salvaret,
900 2224 974 2288 dein
996 2224 1215 2309 imperatores,
1237 2245 1336 2311 reges,
1359 2224 1519 2309 principes
1543 2224 1725 2307 deponeret,
1747 2224 1879 2307 quando

489 2330 595 2414 vellet,
619 2332 710 2415 qnasi
732 2328 843 2417 haec⁹)
867 2333 1023 2396 autoritas
1045 2331 1168 2417 ligandi
1191 2335 1223 2396 et
1245 2330 1407 2416 pascendi,
1437 2352 1518 2415 quae
1540 2328 1716 2416 proprie¹⁰)
1738 2330 1781 2394 ad
1805 2351 1879 2395 con-

490 2439 638 2503 scientias
662 2443 694 2503 et
717 2439 894 2503 doctrinam
917 2438 992 2502 fidei
1015 2435 1209 2524 pertinet¹¹).
1255 2435 1333 2524 l3l¹⁴l
1357 2435 1431 2523 nid!
1461 2435 1554 2513 Quod
1572 2459 1639 2502 non
1657 2437 1878 2503 definitionem

493 2545 708 2611 membrorum
733 2545 1038 2609 consideraverimus
1046 2542 1098 2631 ¹²)1

578 2670 701 2735 Deinde
733 2670 932 2736 decretorum
964 2670 1046 2735 liber
1077 2672 1191 2755 plenus
1220 2671 1394 2736 mendaciis
1421 2674 1454 2735 et
1482 2669 1626 2754 tyrannis
1659 2669 1807 2754 accessit,
1840 2671 1875 2734 iu

490 2775 598 2865 qua¹³)
632 2777 834 2863 impudenter
867 2778 1020 2861 erumpit,
1055 2777 1112 2842 ubi
1147 2775 1317 2864 dicunt¹⁴):
1358 2774 1452 2860 „Non
1484 2798 1560 2863 ergo
1599 2776 1878 2861 praesumendum,

490 2885 577 2968 quod
605 2889 713 2949 tantae
740 2884 939 2955 &lsitudim's
967 2906 1048 2967 apex
1077 2907 1182 2949 errare
1209 2884 1339 2969 possit.“
1384 2883 1542 2949 Fecerunt
1569 2905 1642 2949 eum
1666 2882 1772 2949 Deum
1797 2885 1877 2949 mix-

489 2993 573 3056 tuml
604 2990 686 3055 Item
695 2988 746 3077 1ιὶ);
778 2989 885 3075 „Papa
909 3013 928 3054 e
950 2991 1047 3054 nullis
1071 2991 1286 3073 judicantium
1315 2989 1440 3055 thronis
1464 3013 1567 3074 neque
1590 2990 1629 3055 ab
1651 2991 1720 3054 ulla
1742 2990 1877 3055 ecclesia

486 3098 624 3183 judicari
652 3097 773 3162 debet.“
817 3096 899 3161 Item
928 3098 990 3161 alio
1020 3094 1201 3183 canone¹⁶):
1237 3095 1350 3180 „Quod
1380 3098 1534 3162 autoritas
1562 3118 1670 3162 sacrae
1699 3098 1878 3182 scripturae

493 3205 629 3289 pendeat
664 3228 683 3269 a
719 3205 782 3269 fide
819 3204 1000 3268 Romana1“
1051 3202 1123 3269 Hoc
1154 3226 1306 3289 persuaso
1344 3204 1467 3288 docuit,
1504 3226 1585 3289 quae
1616 3203 1725 3287 libuit,
1762 3206 1809 3269 ita
1838 3209 1877 3268 ut

490 3310 689 3378 Christianus
720 3315 875 3398 sunguine
906 3310 1025 3376 Christi
1055 3311 1239 3395 redemptus
1269 3315 1401 3398 negaret
1430 3312 1618 3397 sauguinem
1652 3316 1684 3376 et
1716 3311 1875 3376 cucullam

489 3420 643 3484 adoraret.
700 3418 886 3484 Horrendus
924 3423 1008 3483 certe
1044 3417 1169 3503 lapsus!
1220 3415 1254 3482 Si
1286 3419 1372 3503 apud
1407 3419 1543 3504 gentiles
1580 3418 1760 3502 accidisset,
1797 3418 1876 3482 satis

491 3527 627 3591 monstri
655 3530 746 3591 esset.
792 3525 867 3590 Ideo
896 3526 958 3590 hoc
985 3547 1120 3612 regnum
1144 3522 1337 3590 Antichristi
1364 3547 1431 3590 non
1458 3525 1568 3590 debuit
1594 3546 1663 3590 esse
1689 3525 1876 3607 revelatum,

489 3632 551 3699 uuo
581 3631 633 3715 tut
661 3630 728 3717 bort
756 3630 875 3717 mettid)
905 3629 1071 3714 dulcinen
1100 3630 1199 3699 leuteu
1229 3629 1306 3716 nicht
1333 3628 1450 3715 peleto,
1479 3629 1526 3698 tie
1553 3637 1587 3697 et
1611 3628 1704 3716 lottcu
1729 3628 1876 3716 gentilici

489 3737 600 3825 tehen,
633 3740 688 3804 sed
716 3740 773 3804 illa
804 3739 947 3804 efficacia
978 3739 1093 3803 erroris
1120 3739 1343 3822 potentissime
1375 3738 1508 3822 restitit,
1538 3739 1623 3804 sicut
1652 3743 1684 3804 et
1713 3736 1876 3824 Daniel¹⁷)

491 3847 581 3911 dicit:
609 3844 700 3930 „Erit
722 3852 859 3931 tempus,
883 3868 946 3929 quo
971 3849 1192 3930 prosternetur
1214 3845 1359 3911 veritas.“

577 3969 772 4035 Judaeorum
803 3971 1062 4055 superstitionem
1089 3972 1186 4056 longe
1214 3974 1344 4056 superat
1366 3991 1457 4056 papa.
1503 3968 1556 4035 Illi
1579 3970 1663 4034 enim
1686 3970 1790 4057 legem
1815 3993 1875 4056 pro

490 4077 699 4142 fundamento
727 4078 909 4142 habuerunt
937 4082 971 4142 et
998 4079 1120 4142 cultum
1149 4099 1243 4142 suum
1271 4100 1310 4142 ex
1334 4077 1431 4142 verbo
1454 4076 1515 4142 Dei
1538 4077 1758 4163 superstitiose
1782 4078 1876 4142 iutel-

489 4185 573 4249 lecte
604 4185 771 4249 defendere
802 4187 971 4266 conantur,
1004 4184 1059 4248 aed
1088 4206 1174 4268 pape
1203 4185 1271 4247 aine
1302 4184 1399 4249 verbo
1429 4184 1504 4268 Dei,
1539 4188 1650 4249 contra
1678 4184 1812 4249 verbum
1843 4191 1877 4249 et

489 4313 587 4376 supra
609 4292 742 4356 verbnm
765 4290 826 4356 Dei
849 4292 944 4356 audet
967 4291 1089 4374 docere,
1108 4311 1327 4375 quaecumque
1346 4293 1483 4376 placent,
1506 4288 1561 4378 ((5.
1583 4289 1662 4378 103)
1681 4291 1720 4356 ed
1739 4290 1876 4376 implen-

490 4399 562 4463 dam
586 4399 788 4483 prophetiam
812 4396 1015 4485 Danielis¹⁸),
1048 4398 1102 4481 qui
1131 4398 1170 4462 de
1196 4420 1271 4485 rege
1298 4399 1455 4482 loquitur,
1485 4399 1540 4483 qui
1563 4399 1631 4464 sine
1653 4400 1724 4485 lege
1746 4403 1876 4464 tantum

490 4529 528 4570 ex
553 4505 685 4570 arbitrio
709 4506 817 4570 omnia
839 4506 942 4570 fecere
966 4502 1118 4591 debet¹⁹):

725 4628 779 4695 Sic
802 4631 886 4712 volo,
908 4631 955 4694 sic
973 4630 1085 4713 jube03
1109 4631 1152 4697 sit
1174 4653 1233 4716 pro
1256 4631 1380 4696 ratione
1403 4627 1612 4718 voluntss²⁰p

578 4753 621 4819 Et
644 4753 780 4842 alibi²¹):
812 4752 865 4838 „Si
893 4754 1140 4820 innumerabiles
1169 4756 1291 4821 animas
1319 4755 1359 4820 ad
1382 4756 1501 4821 inferos
1524 4778 1609 4841 papa
1630 4755 1784 4838 traheret,
1808 4778 1877 4823 non

489 4867 538 4926 est
561 4863 744 4927 dicendum:
767 4860 832 4926 Cur
854 4862 972 4926 facisr‘
1008 4858 1074 4946 l3l¹¹
1094 4859 1169 4947 bid!
1206 4860 1281 4928 Ideo
1300 4884 1394 4927 nemo
1415 4866 1526 4928 contra
1544 4863 1636 4927 illum
1655 4863 1758 4928 dicere
1776 4885 1877 4929 ausus

489 4969 565 5052 luit,
592 4975 625 5033 et
648 4990 707 5055 ego
726 4969 794 5052 jam
819 4968 964 5053 appellor
987 4974 1146 5034 extremus
1170 4970 1272 5034 hostis
1295 4991 1397 5055 papae
1420 4974 1452 5034 et
1474 4992 1618 5035 summus
1641 4970 1819 5035 haereticus
1827 4968 1877 5055 ²²),

490 5082 521 5139 et
545 5073 720 5158 merit-0³³),
751 5076 827 5159 qnia
853 5097 918 5140 non
946 5077 1079 5141 moralia
1106 5081 1139 5141 et
1166 5076 1298 5160 abusus,
1327 5077 1383 5141 sed
1405 5077 1621 5142 substantium
1639 5081 1672 5142 et
1694 5077 1875 5144 doctrinam
