4667 6109
416 730 468 790 tir.
485 731 552 798 m,
568 731 625 788 m
905 729 952 788 14.
971 728 1015 789 tis
1033 731 1083 787 81.
1101 731 1217 800 samar
1237 730 1311 787 loti
1727 729 1794 795 393

633 912 715 980 aaa.
747 915 836 980 aaa
857 915 1001 998 uotae.

506 1057 665 1123 Lntherus
688 1058 825 1122 formam
848 1058 957 1122 uxoris
976 1080 1051 1123 suae
1070 1057 1230 1143 depictam
1248 1054 1474 1143 intuebatur¹),
1497 1056 1619 1122 dicens:
1644 1053 1715 1141 ‘Sd
1733 1052 1799 1123 uit

417 1164 487 1250 nod)
511 1162 559 1233 eia
582 1182 654 1231 uon
677 1163 752 1249 boga
775 1162 852 1250 Iolla
875 1161 1008 1254 uolent
1036 1162 1098 1232 aab
1126 1161 1190 1249 olio
1213 1161 1290 1249 geta
1313 1160 1484 1249 wormat
1512 1159 1639 1248 ididan,
1667 1163 1798 1228 intorro-

416 1273 536 1359 gando,
557 1294 599 1338 an
622 1273 736 1337 malint
758 1271 979 1359 conjugiuml’

505 1378 588 1444 Dein
617 1380 738 1462 incepit
770 1379 1004 1463 commendare,
1036 1379 1222 1466 conjugium
1251 1400 1319 1444 esse
1346 1377 1497 1443 Divinam
1525 1375 1799 1464 ordinationem),

417 1489 485 1553 sine
513 1508 577 1571 qua
603 1490 691 1551 totus
714 1487 852 1551 mundus
875 1487 1045 1552 mansisset
1067 1508 1200 1570 vacuus,
1228 1508 1337 1551 omnes
1360 1490 1523 1552 creaturae
1545 1480 1695 1571 vacuae⁵)
1722 1485 1800 1549 fuis·

417 1591 536 1680 sent⁶):
574 1591 664 1658 ‘Ideo
696 1591 800 1658 Adam
832 1616 871 1659 ex
904 1591 1026 1678 Spiritu
1060 1591 1178 1659 Sancto
1211 1593 1339 1680 egregia
1370 1593 1585 1676 appellatione
1621 1592 1800 1658 nominavit

417 1723 551 1766 uxorem
584 1722 674 1766 suam
702 1700 819 1785 Evam,
854 1701 918 1766 hoc
948 1705 997 1766 est
1025 1698 1209 1787 matrem'),
1245 1705 1278 1765 et
1312 1721 1378 1764 non
1415 1700 1593 1783 mulierem,
1630 1703 1663 1764 et
1698 1698 1799 1764 addit:

417 1805 633 1892 „Cunctorum
656 1805 861 1873 viventium.“
905 1806 968 1872 Hic
990 1808 1045 1873 ha·
1068 1805 1124 1895 (Θ.
1144 1804 1202 1893 93)
1230 1808 1286 1871 bes
1309 1810 1533 1872 ornamentum
1556 1805 1713 1889 mulieris,
1731 1806 1799 1871 'sci-

417 1916 493 1981 licet
515 1936 584 1980 esse
606 1915 729 1980 fontem
753 1915 896 1980 omnium
920 1915 1105 1981 viventium.
1148 1914 1344 1980 Brevissima
1366 1914 1496 1999 quidem
1518 1918 1594 1979 sunt
1615 1914 1721 1997 verba,
1744 1913 1799 1979 sed

417 2023 491 2087 talis
514 2023 626 2105 oratio,
649 2044 745 2107 qnam
768 2043 827 2087 nec
844 2021 1077 2088 Demosthenes
1100 2044 1204 2107 neque
1223 2020 1334 2088 Cicero
1357 2042 1509 2106 umquam
1533 2020 1722 2105 composuit,
1745 2020 1801 2085 sed

418 2131 475 2194 illa
501 2134 551 2195 est
579 2130 682 2195 oratio
706 2127 845 2213 Spiritus
869 2126 980 2194 Sancti
1007 2129 1262 2212 eloquentissimi
1289 2132 1322 2193 et
1348 2133 1475 2194 tantum
1498 2128 1596 2213 digna
1617 2127 1723 2212 primo
1746 2149 1801 2211 pa-

419 2240 517 2301 rente.
564 2234 630 2303 Soet
653 2233 707 2320 icil
730 2233 828 2321 altio
851 2233 936 2302 otim
959 2235 1021 2304 aab
1045 2233 1223 2304 octrumum
1266 2235 1365 2305 aaran
1394 2233 1445 2302 tet
1473 2236 1585 2300 doctor
1608 2232 1669 2301 unt
1694 2238 1802 2300 orator

419 2341 542 2425 bellant
569 2343 631 2410 unt
660 2340 754 2424 lohet,
783 2360 891 2428 mugen
914 2340 973 2409 uit
996 2340 1083 2428 linig
1107 2340 1240 2429 ,acesco
1263 2342 1327 2424 als,
1355 2349 1422 2410 roas
1445 2338 1617 2429 qcbtedlid)
1640 2359 1681 2409 aa
1705 2339 1800 2410 ciuem

417 2448 494 2516 meib
519 2446 561 2533 iit.
607 2449 691 2514 Nam
716 2448 862 2515 (lhristus
885 2450 973 2514 illam
996 2471 1062 2515 non
1086 2452 1288 2536 contempsit,
1311 2451 1366 2516 sed
1388 2454 1514 2515 utemm
1534 2447 1620 2514 illius
1639 2450 1800 2536 ingressus

418 2562 474 2623 est.
520 2556 594 2623 Huc
616 2558 713 2622 etiam
731 2557 864 2642 respicit
881 2555 1000 2622 Paulus
1021 2557 1047 2621 1.
1067 2555 1148 2622 Tim.
1167 2555 1244 2645 2.⁸):
1266 2555 1435 2642 „Salvatur
1451 2556 1567 2622 mulier
1584 2578 1643 2640 per
1660 2556 1799 2622 tiliorum

418 2661 731 2751 generationem2).“’

507 2803 594 2859 Mtth.
609 2803 643 2857 N.
659 2809 725 2871 ⁸453
744 2803 800 2859 Sor.
817 2804 881 2871 12⁵3
899 2803 987 2861 Rhcd.
1005 2810 1069 2873 1953
1087 2805 1140 2860 FB.
1155 2811 1181 2873 4,
1196 2811 1230 2860 42
1244 2808 1307 2875 (14).

510 2950 535 3015 1)
553 2946 613 3003 Dos
627 2945 693 3004 sus
707 2947 772 3004 mitt
786 2962 822 3002 aa
835 2948 879 3004 bet
887 2946 972 3005 want
986 2947 1117 3019 petingen
1131 2948 1222 3019 taber,
1236 2948 1284 3005 uie
1298 2947 1358 3018 aad
1368 2948 1420 3002 FB.
1437 2953 1576 3018 armaten
1590 2951 1641 3019 ogi.
1651 2948 1699 3006 aa.
1708 2952 1799 3015 lom.

418 3037 486 3106 lindi
505 3035 558 3090 FB.
583 3048 638 3093 uas
661 3041 689 3092 eo
712 3047 764 3093 coc
782 3035 897 3108 strenam
921 3038 1024 3108 pemati.
1061 3028 1130 3093 isa
1152 3037 1192 3093 tis
1211 3036 1434 3108 &detumescit
1457 3038 1500 3094 tet
1522 3035 1704 3108 manumittat
1726 3036 1801 3094 uim

418 3125 481 3193 nilis
503 3136 555 3182 oon
579 3125 661 3196 tidtte
683 3126 745 3196 stete
768 3125 917 3197 ῗςῐιῴἱὶς,
946 3125 1166 3196 transeunica.
1206 3133 1229 3192 1,
1248 3127 1336 3195 2⁶⁷i·
1375 3157 1408 3167 -
1447 3129 1473 3195 2)
1496 3125 1608 3195 Saitae
1631 3126 1718 3197 tiques
1736 3124 1801 3182 Silo

417 3215 553 3285 tinguite
573 3214 637 3284 nida
658 3215 738 3271 nstra
757 3216 812 3272 tem
831 3215 911 3283 idua
929 3214 1009 3282 grou.
1047 3247 1081 3255 -
1118 3218 1145 3284 8)
1168 3214 1229 3287 uqa
1248 3215 1295 3273 tir.
1317 3220 1376 3284 ⁷19,
1395 3221 1420 3271 ὁ.
1457 3246 1493 3256 -
1527 3218 1556 3285 4)
1579 3213 1649 3271 Ser:
1674 3216 1801 3286 †unde

418 3304 513 3359 omnia
530 3304 627 3358 fluunt.
664 3335 699 3345 -
736 3303 1037 3376 o)Ser.,d1;a1irtFB.
1058 3303 1261 3373 teiletzvanae.
1301 3337 1331 3345 -
1370 3308 1398 3375 8)
1421 3304 1492 3361 San:
1516 3306 1548 3374 -Ι-
1569 3308 1616 3372 „st
1634 3304 1715 3371 nihil,
1733 3304 1801 3373 qnia

418 3395 533 3462 propter
551 3392 693 3448 hominem
712 3392 842 3448 conditae
862 3396 933 3447 sunt.
970 3391 1100 3461 Datami,
1120 3404 1184 3450 uere
1199 3392 1256 3450 teo
1274 3395 1327 3450 aab
1345 3394 1383 3451 ite
1401 3394 1475 3467 aissa
1488 3394 1554 3465 sidu
1568 3394 1684 3465 geurien,
1704 3410 1801 3448 omnes

420 3481 494 3536 aliae
513 3481 705 3537 ordinationes
723 3499 779 3536 non
798 3484 891 3537 essent
909 3481 1100 3536 subsecutae.“
1128 3514 1162 3522 -
1192 3486 1218 3552 ⁷)
1239 3488 1261 3536 1.
1281 3483 1350 3538 Mos.
1370 3489 1395 3549 8,
1410 3488 1451 3537 20.
1477 3515 1509 3523 —-
1538 3486 1566 3550 8)
1587 3488 1608 3536 1.
1628 3481 1698 3536 Tim.
1718 3486 1744 3548 2,
1760 3487 1801 3536 15.

418 3602 453 3611 -
481 3573 508 3639 9)
532 3570 808 3640 Ser.‚dtn1idillB.:
837 3572 870 3641 -l-
895 3570 1034 3642 „Egregia
1057 3573 1100 3626 est
1123 3572 1341 3640 commendatio,
1369 3572 1461 3630 alteim
1483 3573 1531 3629 sas
1559 3586 1585 3627 α
1608 3572 1656 3628 tus
1680 3570 1801 3626 maritata

418 3661 509 3715 mater
527 3659 593 3729 uidit
610 3660 663 3731 tot,
682 3659 789 3729 iontem
807 3659 933 3715 mulier.“

635 3856 717 3926 733.
750 3860 921 3926 Naturales
942 3863 1072 3943 affectus
1087 3860 1187 3943 pom
1208 3861 1353 3943 cornspti.

507 4000 644 4084 „Omnes
668 4000 806 4086 στοργαὶ
829 4000 969 4086 φυσικαὶ
991 4007 1067 4068 sunt
1088 4007 1145 4068 aut
1159 4005 1280 4068 ‘contra
1297 4001 1401 4067 Deum
1420 4006 1476 4067 aut
1494 4003 1573 4068 citra
1592 4000 1706 4084 Deum,
1729 4001 1800 4067 ideo

419 4109 500 4173 nulli
529 4113 604 4173 sunt
630 4107 735 4173 boni.“
779 4108 916 4193 ‘Probo,
948 4110 1024 4195 quia
1051 4132 1161 4175 omnes
1190 4109 1322 4175 affectus
1349 4109 1517 4175 hominum
1547 4113 1623 4175 sunt
1650 4109 1801 4193 conupti,

420 4215 503 4280 sicut
521 4213 709 4302 scriptura¹)
729 4214 818 4280 dicit:
841 4215 971 4300 „Omnis
989 4217 1087 4283 homo
1107 4222 1155 4282 est
1174 4217 1331 4283 obnoxius
1350 4215 1447 4301 Deo,“
1469 4217 1501 4282 id
1520 4218 1578 4301 est,
1599 4217 1670 4303 ipsa
1687 4219 1802 4281 natura

420 4325 469 4386 est
492 4323 582 4386 mala.
629 4321 836 4406 Experientia
859 4344 989 4407 quoque
1007 4324 1160 4408 videmus,
1183 4325 1342 4390 neminem
1366 4329 1432 4389 tam
1455 4324 1624 4407 sincerum,
1647 4324 1702 4408 qui
1725 4323 1801 4388 inci·

419 4433 509 4514 peret
538 4429 723 4514 conjugium
756 4433 887 4514 propter
914 4430 1071 4514 sobolem,
1102 4431 1251 4518 diligeret
1277 4431 1394 4496 liberos
1421 4434 1553 4517 propter
1580 4430 1800 4496 eruditionem.

419 4534 523 4600 Nemo
552 4536 848 4620 potentissimorum
876 4535 1009 4601 heroum
1039 4559 1089 4602 res
1118 4559 1250 4624 magnas
1278 4539 1376 4625 gessit
1403 4542 1534 4623 propter
1560 4538 1802 4623 rempublicam,

420 4642 475 4706 sed
498 4640 660 4727 propter²)
684 4641 817 4707 affectus
840 4643 1024 4727 philautiae,
1046 4641 1109 4730 et⁸)
1134 4643 1199 4710 illis
1223 4644 1389 4710 damnatus
1413 4646 1481 4710 est'

509 4747 602 4832 „Ideo
632 4746 768 4832 στοργαὶ
792 4747 932 4833 φυσικαὶ
959 4754 1035 4814 sunt
1062 4751 1209 4816 malae?“
1244 4751 1437 4836 Respondit:
1470 4750 1600 4816 ‘Verum
1625 4755 1687 4835 est,
1715 4750 1802 4836 quod

420 4856 468 4920 illi
496 4856 629 4922 affectus
657 4861 733 4922 sunt
763 4857 852 4941 mali,
881 4861 1023 4923 attamen
1050 4855 1137 4923 Deus
1168 4859 1284 4924 tolerat
1315 4859 1403 4942 illos,
1435 4858 1481 4922 ita
1507 4861 1543 4923 ut
1571 4858 1618 4922 illi
1645 4860 1800 4942 placeant.

420 4962 470 5028 lta
506 4986 544 5028 ex
582 4965 701 5030 semine
738 4964 799 5029 viri
835 4964 983 5048 producit
1014 4964 1178 5029 hominem
1211 4965 1384 5029 secundum
1417 4985 1508 5028 suam
1540 4964 1726 5049 imaginem,
1763 4987 1801 5028 ex

420 5072 610 5158 magistratu
634 5073 790 5138 construit
814 5071 1030 5157 concordiam,
1057 5070 1118 5140 aab
1147 5069 1199 5155 leit
1226 5069 1385 5157 tortoldo
1413 5067 1490 5137 oties
1513 5065 1715 5154 molestator,
1745 5067 1802 5137 uie
