4667 6109
909 719 961 776 21.
979 718 1041 777 nal
1060 717 1103 777 tis
1123 720 1172 776 11.
1191 717 1264 787 31ιί
1283 718 1362 775 1540

663 926 744 996 134.
777 928 982 1012 nepueu
1005 928 1127 1012 atum.

536 1068 670 1136 Severus
699 1071 792 1136 dixit:
822 1071 979 1156 ,Domine
1001 1071 1137 1156 Doctor,
1165 1071 1320 1156 Doctor¹)
1349 1073 1478 1156 qnidam
1501 1077 1550 1138 est
1572 1070 1679 1156 Lintz,
1709 1073 1736 1136 is
1763 1094 1832 1158 gra-

448 1178 529 1242 viter
560 1182 715 1262 tentatur,
747 1179 834 1263 quod
866 1180 899 1244 in
926 1203 960 1244 se
992 1202 1058 1246 non
1086 1183 1197 1265 posset
1227 1180 1366 1264 reperire
1389 1180 1549 1263 justitiam
1577 1179 1768 1263 formaliter,
1801 1185 1833 1244 et

449 1285 504 1369 qui
537 1285 570 1349 in
603 1286 748 1351 oratione
780 1308 906 1370 semper
937 1288 1054 1352 sentiat
1087 1288 1301 1373 blasphemias
1334 1288 1367 1352 in
1400 1284 1591 1352 Christum.“
1636 1285 1726 1351 ‘Hoc
1757 1308 1833 1351 vero

448 1392 568 1457 bonum
597 1393 725 1479 signum
755 1398 812 1458 est.
857 1392 942 1459 Nam
975 1395 1194 1480 blasphemiae
1223 1395 1367 1480 duplices
1398 1398 1487 1460 sunt:
1529 1393 1677 1478 Activae,
1706 1393 1833 1478 quando

448 1500 583 1565 scientes
607 1505 638 1566 et
661 1500 832 1586 prudentes
858 1502 1076 1586 conquirimus
1099 1504 1239 1568 rationes
1258 1501 1510 1586 blasphemandi,
1532 1505 1569 1566 ut
1591 1502 1669 1567 facit
1690 1499 1834 1587 Μετ’),

449 1604 723 1694 Brunsvicensis³)
755 1612 788 1672 et
818 1606 975 1694 reliqui⁴).
1021 1608 1075 1678 Su
1107 1606 1198 1694 bellot
1229 1617 1292 1678 unt
1324 1606 1402 1677 (butt
1433 1607 1497 1693 lut!
1544 1608 1607 1674 Sed
1636 1609 1836 1694 blasphemia

449 1714 575 1799 passiva
597 1718 659 1798 est,
688 1714 816 1798 quando
839 1715 995 1781 Diabolus
1023 1718 1116 1782 nobis
1148 1718 1258 1782 invitis
1288 1721 1320 1783 et
1346 1717 1576 1782 reluctantibus
1600 1716 1746 1780 immittit
1769 1719 1835 1779 tam

448 1843 561 1905 pravas
590 1821 808 1907 cogitationes.
854 1820 898 1888 Iis
930 1824 1001 1888 vult
1030 1824 1118 1890 Deus
1147 1846 1206 1890 nos
1236 1845 1395 1907 exercere,
1425 1845 1464 1887 ne
1492 1828 1662 1888 stertumns
1692 1826 1725 1887 et
1751 1822 1835 1909 pigri

449 1928 578 2011 fiamus,
607 1928 663 1993 sed
686 1932 723 1993 ut
745 1951 926 2016 pugnemus
956 1936 988 1996 et
1018 1954 1144 1997 oremus
1168 1937 1281 1999 contra
1303 1953 1370 2016 eas3
1400 1932 1458 1995 snb
1490 1932 1587 1994 tinem
1611 1933 1719 1996 autem
1742 1930 1836 2012 vitae,

450 2034 604 2119 quidquid
640 2035 767 2100 illarum
799 2040 849 2101 est
879 2037 1110 2122 tentationum,
1146 2038 1278 2104 desinet.
1333 2037 1415 2103 Tum
1453 2038 1537 2102 enim
1575 2038 1665 2102 adest
1697 2035 1836 2122 Spiritus

449 2139 585 2206 Sanctus
615 2143 680 2206 suis
712 2141 900 2208 Christianis
932 2139 1000 2230 (bt.
1023 2142 1093 2231 nu)
1125 2149 1158 2211 et
1187 2150 1335 2231 potenter
1364 2149 1452 2210 arcet
1483 2144 1656 2209 Diabolum
1687 2149 1720 2209 et
1748 2143 1837 2207 addit

449 2249 745 2333 tranquillissimam
769 2254 802 2314 et
824 2251 1075 2335 placatissimam
1100 2253 1261 2317 mentem'

539 2361 888 2451 ‘subministrorum
916 2371 965 2432 est
988 2364 1157 2453 Gothae.⁶).
1204 2368 1279 2433 Jam
1310 2371 1414 2433 certus
1438 2390 1524 2433 eram
1548 2368 1587 2433 de
1611 2372 1727 2451 morte,
1754 2367 1837 2432 vale

450 2471 516 2536 dixi
539 2473 697 2556 omnibus,
720 2474 832 2538 vocavi
854 2473 1078 2559 Pomeranum,
1102 2476 1370 2541 commendarim
1393 2476 1559 2540 ecclesiam
1583 2478 1616 2539 et
1639 2475 1782 2538 scholam
1805 2477 1837 2538 et

451 2601 581 2644 uxorem
601 2601 704 2644 meam
724 2581 902 2665 etreliqua,
919 2582 1029 2666 petivi,
1047 2587 1084 2647 ut
1103 2605 1154 2647 me
1172 2583 1352 2648 absolveret
1370 2605 1388 2647 a
1406 2583 1553 2667 peccatis.
1587 2579 1684 2646 Orevi
1702 2579 1837 2644 Frideri·

451 2710 523 2753 cnm
544 2686 693 2775 meum7),
715 2693 752 2753 ut
770 2712 822 2754 me
840 2688 964 2755 (lethae
982 2691 1015 2755 in
1034 2712 1092 2756 ruo
1113 2690 1269 2755 cimiterio
1292 2691 1452 2773 retineret,
1475 2711 1669 2773 quamquam
1693 2689 1720 2751 is
1743 2687 1837 2752 dixit:

450 2793 605 2878 ,Domine
629 2794 759 2880 Ductor,
782 2798 857 2862 nolo
876 2819 934 2863 vos
958 2798 1011 2863 hio
1033 2797 1159 2881 habere,
1183 2798 1237 2862 sed
1261 2797 1382 2862 debetis
1401 2796 1532 2861 domum
1556 2795 1684 2860 redire.“
1726 2794 1769 2859 Et
1791 2795 1839 2859 sic

451 2900 698 2988 placatissima⁸)
722 2909 828 2969 mente
851 2904 920 2968 sine
938 2905 1026 2970 omni
1049 2905 1227 2970 tentatione
1246 2904 1510 2970 obdormivissem
1535 2904 1568 2967 in
1593 2901 1729 2968 Christo.
1775 2899 1838 2966 Sed

451 3006 597 3073 Christus
621 3010 737 3093 voluit,
767 3033 818 3075 me
842 3032 910 3076 esse
934 3012 1146 3096 superstitem,
1193 3011 1237 3076 Et
1262 3010 1380 3076 Cetena
1404 3007 1519 3097 mea9),
1544 3031 1615 3075 cum
1635 3010 1703 3094 jam
1727 3030 1838 3074 omnes

451 3115 491 3180 de
509 3137 565 3200 spe
584 3117 652 3200 ejus
671 3118 755 3181 vitae
769 3117 1004 3202 decidissemus,
1023 3123 1138 3203 sponte
1153 3139 1190 3183 ac
1204 3119 1314 3184 volens
1336 3122 1368 3182 et
1386 3119 1420 3182 in
1438 3117 1564 3203 placida
1587 3118 1693 3200 quiete
1712 3120 1839 3181 mortua

452 3227 535 3287 esset
557 3227 590 3288 et
611 3224 694 3288 nibil
717 3224 803 3288 aliud
826 3224 916 3310 dixit,
939 3248 1050 3309 quam:
1091 3224 1147 3310 „ln
1170 3231 1212 3310 te,
1235 3224 1383 3309 Domine,
1405 3225 1544 3310 speravi;
1573 3247 1639 3289 non
1663 3224 1839 3290 confundar

452 3330 486 3393 in
508 3328 751 3417 aeternum¹⁰)l“
775 3329 862 3418 (plus
886 3333 1003 3397 millies
1026 3330 1256 3419 repetivit)'¹¹).

541 3445 585 3511 Et
608 3446 731 3512 Doctor
760 3447 895 3513 addidit:
926 3447 977 3513 ‘Si
1003 3449 1124 3534 absque
1147 3449 1226 3513 meis
1255 3448 1365 3513 liberis
1394 3448 1521 3530 fnisset,
1551 3469 1591 3512 ne
1620 3469 1720 3511 unum
1744 3446 1839 3511 Pater

452 3558 561 3618 noster
583 3576 641 3638 pro
666 3577 703 3619 ea
725 3555 863 3640 amplius
886 3577 1042 3640 orassem,
1069 3556 1124 3621 sed
1148 3555 1419 3622 commendassem
1447 3555 1515 3639 ejus
1539 3554 1677 3618 animam
1702 3551 1838 3618 Christo.

453 3656 602 3746 Quare¹²)
625 3660 746 3725 debetis
771 3662 921 3747 scribere,
950 3662 1073 3728 Doctor
1096 3660 1220 3747 Severe,
1251 3662 1292 3726 ad
1315 3662 1435 3746 ipsum,
1465 3665 1590 3727 utnon
1613 3682 1646 3725 se
1670 3661 1840 3743 excruciet,

454 3767 509 3831 sed
541 3768 688 3832 confidat.
739 3767 897 3854 Tempore
930 3792 988 3835 sua
1019 3773 1134 3857 sponte
1165 3770 1288 3834 desinet
1319 3768 1475 3834 Diabolus
1508 3770 1651 3854 ingerere
1683 3766 1840 3852 ejusmodi

455 3873 677 3957 blasphemiae.
723 3872 815 3952 Quod
839 3898 914 3942 vero
933 3877 974 3941 ad
996 3878 1163 3942 formalem
1180 3876 1340 3961 justitiam
1363 3876 1488 3959 attinet,
1510 3875 1604 3940 facile
1628 3875 1731 3957 credo,
1754 3873 1840 3959 quod

455 3981 563 4066 cupiat
585 4003 653 4047 esse
676 3982 854 4048 formaliter
873 3985 994 4068 justus,
1019 3990 1051 4050 et
1073 3989 1110 4049 ut
1133 3985 1328 4070 experietur,
1351 4005 1419 4049 sese
1442 4005 1511 4048 esse
1534 3986 1680 4047 sanctum
1702 3985 1735 4046 et
1762 3983 1840 4046 inte

455 4109 556 4174 grum
604 4088 667 4154 Sed
696 4090 775 4154 haec
798 4091 864 4156 vita
890 4097 940 4157 est
969 4092 1036 4156 vita
1057 4090 1228 4179 Angelica,
1258 4113 1339 4175 quae
1368 4090 1461 4156 nobis
1490 4090 1654 4176 continget
1678 4090 1711 4154 in
1733 4089 1841 4154 futura

455 4196 527 4260 vita.
574 4194 646 4282 Ego
670 4217 763 4281 saepe
793 4198 889 4263 etiam
918 4199 1006 4263 soleo
1029 4220 1154 4265 mecum
1178 4199 1286 4282 irasci,
1314 4197 1401 4282 quod
1427 4198 1551 4281 reperio
1574 4197 1609 4261 in
1631 4219 1683 4261 me
1706 4197 1840 4260 multam

456 4302 698 4368 immunditiam.
746 4302 808 4368 Sed
832 4304 909 4388 quid
931 4304 1068 4371 faciam?
1108 4305 1185 4372 Non
1207 4326 1338 4391 possum
1370 4325 1484 4370 exuere
1506 4308 1662 4370 naturam.
1708 4302 1840 4368 Interim

456 4406 601 4474 Christus
623 4414 752 4495 reputat
774 4432 833 4475 nos
853 4410 959 4494 justos
982 4417 1114 4498 propter
1137 4435 1231 4478 suum
1255 4412 1443 4499 sangninem
1466 4416 1499 4477 et
1521 4433 1580 4498 pro
1600 4410 1727 4496 justitia
1749 4409 1841 4474 aesti-

456 4520 538 4600 mat,
568 4517 653 4601 quod
680 4538 739 4582 nos
771 4518 917 4602 cupimus
945 4540 1014 4585 esse
1033 4520 1114 4604 justi
1144 4525 1177 4586 et
1209 4519 1405 4586 detestamur
1430 4520 1514 4584 hanc
1543 4517 1779 4583 immunditiam
1810 4520 1842 4581 et

455 4644 599 4688 amamus
624 4628 655 4688 et
679 4625 869 4690 confitemur
891 4626 1045 4691 verbum?

546 4738 657 4805 ‘Certe
681 4741 767 4824 qnod
797 4741 836 4805 ad
859 4763 919 4806 nos
950 4742 1064 4807 attinet
1093 4746 1126 4807 et
1154 4746 1282 4808 nostros
1312 4743 1487 4828 principes,
1516 4742 1612 4807 etiam
1643 4761 1709 4804 non
1732 4761 1841 4804 sumus

457 4847 528 4930 puri
556 4850 588 4911 et
616 4847 732 4930 sancti,
760 4851 792 4913 et
819 4848 980 4932 principes
1007 4850 1109 4914 nostri
1136 4847 1257 4914 habent
1286 4871 1344 4915 sua
1370 4850 1456 4914 vitia.
1503 4847 1565 4913 Sed
1590 4846 1734 4912 Christus
1760 4846 1842 4911 dele

458 4957 562 5020 ctatur
580 4954 698 5039 insigni
717 4959 749 5018 et
767 4955 908 5019 fiduciali
927 4956 1134 5021 confessione.
1176 4955 1279 5033 Quam
1300 4962 1384 5023 certe
1402 4977 1462 5043 ego
1485 4954 1684 5040 magnifacio.
1722 4952 1795 5019 Uno
1803 4950 1842 5040 ¹³)

457 5060 555 5126 verbo
578 5065 727 5145 poterant
749 5062 850 5127 redire
873 5062 907 5126 in
930 5063 1066 5149 gratiam
1091 5085 1164 5129 cum
1187 5085 1263 5152 rege
1285 5069 1318 5129 et
1341 5085 1466 5129 caesare
1489 5066 1521 5128 et
1544 5061 1650 5146 quiete
1673 5061 1793 5144 vivere,
1815 5061 1842 5126 si

1595 5165 1630 5221 3-
