<?xml version="1.0" encoding="UTF-8"?>
<!DOCTYPE html PUBLIC "-//W3C//DTD XHTML 1.0 Transitional//EN"
    "http://www.w3.org/TR/xhtml1/DTD/xhtml1-transitional.dtd">
<html xmlns="http://www.w3.org/1999/xhtml" xml:lang="en" lang="en">
 <head>
  <title>
</title>
<meta http-equiv="Content-Type" content="text/html;charset=utf-8" />
  <meta name='ocr-system' content='tesseract 3.04.00' />
  <meta name='ocr-capabilities' content='ocr_page ocr_carea ocr_par ocr_line ocrx_word'/>
</head>
<body>
  <div class='ocr_page' id='page_1' title='image "./lutherstischred00krokgoog_0679.png"; bbox 0 0 4667 6109; ppageno 0'>
   <div class='ocr_carea' id='block_1_1' title="bbox 424 726 1806 801">
    <p class='ocr_par' dir='ltr' id='par_1_1' title="bbox 424 726 1806 801">
     <span class='ocr_line' id='line_1_1' title="bbox 424 726 1806 801; baseline -0.002 -13"><span class='ocrx_word' id='word_1_1' title='bbox 424 729 477 788; x_wconf 78' lang='lat' dir='ltr'><strong>tle.</strong></span> <span class='ocrx_word' id='word_1_2' title='bbox 493 729 674 786; x_wconf 67' lang='grc'>7100-000</span> <span class='ocrx_word' id='word_1_3' title='bbox 932 730 979 787; x_wconf 76' lang='lat' dir='ltr'><strong>lo.</strong></span> <span class='ocrx_word' id='word_1_4' title='bbox 999 726 1144 801; x_wconf 66' lang='grc'>00000000</span> <span class='ocrx_word' id='word_1_5' title='bbox 1162 728 1239 786; x_wconf 71' lang='lat' dir='ltr'><strong>luat</strong></span> <span class='ocrx_word' id='word_1_6' title='bbox 1740 730 1806 799; x_wconf 79' lang='lat'><strong>385</strong></span> 
     </span>
    </p>
   </div>
   <div class='ocr_carea' id='block_1_2' title="bbox 423 891 1807 1143">
    <p class='ocr_par' dir='ltr' id='par_1_2' title="bbox 423 891 1807 1143">
     <span class='ocr_line' id='line_1_2' title="bbox 640 891 1807 964; baseline 0.004 -18"><span class='ocrx_word' id='word_1_7' title='bbox 640 891 727 947; x_wconf 68' lang='lat' dir='ltr'><strong>upa,</strong></span> <span class='ocrx_word' id='word_1_8' title='bbox 766 893 863 964; x_wconf 64' lang='lat' dir='ltr'><strong>‘prule</strong></span> <span class='ocrx_word' id='word_1_9' title='bbox 885 891 915 963; x_wconf 72' lang='lat' dir='ltr'><strong>iu</strong></span> <span class='ocrx_word' id='word_1_10' title='bbox 939 891 980 949; x_wconf 79' lang='grc'><strong>000</strong></span> <span class='ocrx_word' id='word_1_11' title='bbox 1004 891 1103 961; x_wconf 66' lang='lat' dir='ltr'><strong>{dona</strong></span> <span class='ocrx_word' id='word_1_12' title='bbox 1125 892 1218 950; x_wconf 80' lang='lat' dir='ltr'><strong>reintcr</strong></span> <span class='ocrx_word' id='word_1_13' title='bbox 1236 891 1292 964; x_wconf 77' lang='lat' dir='ltr'><strong>tagl</strong></span> <span class='ocrx_word' id='word_1_14' title='bbox 1314 891 1432 962; x_wconf 70' lang='lat' dir='ltr'><strong>prurire.</strong></span> <span class='ocrx_word' id='word_1_15' title='bbox 1474 891 1574 950; x_wconf 61' lang='grc'>00000</span> <span class='ocrx_word' id='word_1_16' title='bbox 1592 892 1648 950; x_wconf 82' lang='lat' dir='ltr'><strong>rtur</strong></span> <span class='ocrx_word' id='word_1_17' title='bbox 1672 893 1807 964; x_wconf 76' lang='grc'>4000000</span> 
     </span>
     <span class='ocr_line' id='line_1_3' title="bbox 423 980 1807 1052; baseline -0.001 -14"><span class='ocrx_word' id='word_1_18' title='bbox 423 981 477 1050; x_wconf 72' lang='lat' dir='ltr'><strong>olio</strong></span> <span class='ocrx_word' id='word_1_19' title='bbox 496 981 589 1051; x_wconf 78' lang='lat' dir='ltr'><strong>bliebr,</strong></span> <span class='ocrx_word' id='word_1_20' title='bbox 613 984 688 1036; x_wconf 88' lang='lat' dir='ltr'><strong>esset</strong></span> <span class='ocrx_word' id='word_1_21' title='bbox 710 998 819 1037; x_wconf 86' lang='lat' dir='ltr'><strong>summa</strong></span> <span class='ocrx_word' id='word_1_22' title='bbox 840 980 974 1036; x_wconf 69' lang='lat' dir='ltr'><strong>fertilitas</strong></span> <span class='ocrx_word' id='word_1_23' title='bbox 997 980 1149 1052; x_wconf 73' lang='lat' dir='ltr'><strong>speranda,</strong></span> <span class='ocrx_word' id='word_1_24' title='bbox 1174 980 1226 1034; x_wconf 94' lang='lat' dir='ltr'><strong>sub</strong></span> <span class='ocrx_word' id='word_1_25' title='bbox 1247 980 1311 1035; x_wconf 89' lang='lat' dir='ltr'><strong>nive</strong></span> <span class='ocrx_word' id='word_1_26' title='bbox 1329 980 1405 1036; x_wconf 91' lang='lat' dir='ltr'><strong>enim</strong></span> <span class='ocrx_word' id='word_1_27' title='bbox 1423 980 1585 1036; x_wconf 86' lang='lat' dir='ltr'><strong>defenditur</strong></span> <span class='ocrx_word' id='word_1_28' title='bbox 1603 984 1703 1037; x_wconf 91' lang='lat' dir='ltr'><strong>satum.</strong></span> <span class='ocrx_word' id='word_1_29' title='bbox 1741 982 1807 1038; x_wconf 88' lang='lat' dir='ltr'><strong>Ideo</strong></span> 
     </span>
     <span class='ocr_line' id='line_1_4' title="bbox 423 1068 1611 1143; baseline 0.004 -20"><span class='ocrx_word' id='word_1_30' title='bbox 423 1070 537 1125; x_wconf 76' lang='lat' dir='ltr'><strong>rustici:</strong></span> <span class='ocrx_word' id='word_1_31' title='bbox 560 1069 663 1143; x_wconf 63' lang='lat' dir='ltr'><strong>„sscuu</strong></span> <span class='ocrx_word' id='word_1_32' title='bbox 683 1070 924 1143; x_wconf 60' lang='lat' dir='ltr'><strong>blandiebatur</strong></span> <span class='ocrx_word' id='word_1_33' title='bbox 942 1071 995 1127; x_wconf 76' lang='lat' dir='ltr'><strong>bol</strong></span> <span class='ocrx_word' id='word_1_34' title='bbox 1012 1070 1116 1140; x_wconf 77' lang='grc'>0000000,</span> <span class='ocrx_word' id='word_1_35' title='bbox 1135 1069 1161 1140; x_wconf 73' lang='lat' dir='ltr'><strong>lo</strong></span> <span class='ocrx_word' id='word_1_36' title='bbox 1181 1070 1270 1142; x_wconf 76' lang='grc'>000000</span> <span class='ocrx_word' id='word_1_37' title='bbox 1288 1068 1317 1127; x_wconf 83' lang='lat' dir='ltr'><strong>iu</strong></span> <span class='ocrx_word' id='word_1_38' title='bbox 1336 1074 1422 1141; x_wconf 72' lang='grc'>000000</span> <span class='ocrx_word' id='word_1_39' title='bbox 1439 1069 1611 1143; x_wconf 69' lang='grc' dir='ltr'>0000000οω</span> 
     </span>
    </p>
   </div>
   <div class='ocr_carea' id='block_1_3' title="bbox 423 1247 1808 2659">
    <p class='ocr_par' dir='ltr' id='par_1_3' title="bbox 423 1247 1808 2659">
     <span class='ocr_line' id='line_1_5' title="bbox 639 1247 1807 1320; baseline 0.001 -16"><span class='ocrx_word' id='word_1_40' title='bbox 639 1248 724 1305; x_wconf 73' lang='lat'><strong>719⁶.</strong></span> <span class='ocrx_word' id='word_1_41' title='bbox 762 1248 850 1303; x_wconf 82' lang='lat' dir='ltr'><strong>‘Mira</strong></span> <span class='ocrx_word' id='word_1_42' title='bbox 874 1251 919 1304; x_wconf 89' lang='lat' dir='ltr'><strong>est</strong></span> <span class='ocrx_word' id='word_1_43' title='bbox 943 1248 1118 1320; x_wconf 70' lang='lat' dir='ltr'><strong>ingratitudo</strong></span> <span class='ocrx_word' id='word_1_44' title='bbox 1143 1248 1242 1303; x_wconf 90' lang='lat' dir='ltr'><strong>mundi</strong></span> <span class='ocrx_word' id='word_1_45' title='bbox 1267 1250 1297 1304; x_wconf 92' lang='lat' dir='ltr'><strong>et</strong></span> <span class='ocrx_word' id='word_1_46' title='bbox 1322 1247 1463 1305; x_wconf 81' lang='lat' dir='ltr'><strong>Sathenae</strong></span> <span class='ocrx_word' id='word_1_47' title='bbox 1488 1249 1629 1319; x_wconf 91' lang='lat' dir='ltr'><strong>potentia,</strong></span> <span class='ocrx_word' id='word_1_48' title='bbox 1656 1249 1706 1320; x_wconf 91' lang='lat' dir='ltr'><strong>qui</strong></span> <span class='ocrx_word' id='word_1_49' title='bbox 1733 1251 1807 1305; x_wconf 90' lang='lat' dir='ltr'><strong>ordi-</strong></span> 
     </span>
     <span class='ocr_line' id='line_1_6' title="bbox 423 1336 1807 1410; baseline 0.001 -17"><span class='ocrx_word' id='word_1_50' title='bbox 423 1338 567 1394; x_wconf 74' lang='lat' dir='ltr'><strong>nationem</strong></span> <span class='ocrx_word' id='word_1_51' title='bbox 586 1338 639 1393; x_wconf 85' lang='lat' dir='ltr'><strong>Dei</strong></span> <span class='ocrx_word' id='word_1_52' title='bbox 662 1338 704 1392; x_wconf 92' lang='lat' dir='ltr'><strong>ita</strong></span> <span class='ocrx_word' id='word_1_53' title='bbox 727 1337 839 1393; x_wconf 86' lang='lat' dir='ltr'><strong>fastidit</strong></span> <span class='ocrx_word' id='word_1_54' title='bbox 861 1340 891 1393; x_wconf 92' lang='lat' dir='ltr'><strong>et</strong></span> <span class='ocrx_word' id='word_1_55' title='bbox 912 1338 1068 1408; x_wconf 90' lang='lat' dir='ltr'><strong>impugnat.</strong></span> <span class='ocrx_word' id='word_1_56' title='bbox 1110 1336 1229 1392; x_wconf 77' lang='lat' dir='ltr'><strong>Moleste</strong></span> <span class='ocrx_word' id='word_1_57' title='bbox 1250 1337 1326 1393; x_wconf 90' lang='lat' dir='ltr'><strong>enim</strong></span> <span class='ocrx_word' id='word_1_58' title='bbox 1349 1337 1443 1393; x_wconf 83' lang='lat' dir='ltr'><strong>ferunt</strong></span> <span class='ocrx_word' id='word_1_59' title='bbox 1465 1338 1598 1410; x_wconf 77' lang='lat' dir='ltr'><strong>conjugia</strong></span> <span class='ocrx_word' id='word_1_60' title='bbox 1623 1339 1807 1408; x_wconf 86' lang='lat' dir='ltr'><strong>sacerdotum,</strong></span> 
     </span>
     <span class='ocr_line' id='line_1_7' title="bbox 424 1426 1807 1501; baseline 0.004 -19"><span class='ocrx_word' id='word_1_61' title='bbox 424 1428 506 1497; x_wconf 90' lang='lat' dir='ltr'><strong>quasi</strong></span> <span class='ocrx_word' id='word_1_62' title='bbox 525 1444 595 1483; x_wconf 89' lang='lat' dir='ltr'><strong>onus</strong></span> <span class='ocrx_word' id='word_1_63' title='bbox 614 1445 762 1494; x_wconf 88' lang='lat' dir='ltr'><strong>summum,</strong></span> <span class='ocrx_word' id='word_1_64' title='bbox 780 1427 919 1483; x_wconf 88' lang='lat' dir='ltr'><strong>dicentes:</strong></span> <span class='ocrx_word' id='word_1_65' title='bbox 943 1427 1021 1497; x_wconf 63' lang='lat' dir='ltr'><strong>„fflrt</strong></span> <span class='ocrx_word' id='word_1_66' title='bbox 1038 1426 1084 1483; x_wconf 82' lang='lat' dir='ltr'><strong>lun</strong></span> <span class='ocrx_word' id='word_1_67' title='bbox 1103 1427 1152 1484; x_wconf 80' lang='grc'><strong>000</strong></span> <span class='ocrx_word' id='word_1_68' title='bbox 1170 1426 1266 1497; x_wconf 61' lang='lat' dir='ltr'><strong>pinnen</strong></span> <span class='ocrx_word' id='word_1_69' title='bbox 1284 1426 1334 1485; x_wconf 82' lang='grc' dir='ltr'><strong>0ιί0</strong></span> <span class='ocrx_word' id='word_1_70' title='bbox 1352 1427 1416 1485; x_wconf 76' lang='lat' dir='ltr'><strong>terit</strong></span> <span class='ocrx_word' id='word_1_71' title='bbox 1434 1428 1489 1486; x_wconf 83' lang='grc'><strong>000</strong></span> <span class='ocrx_word' id='word_1_72' title='bbox 1508 1428 1611 1486; x_wconf 79' lang='lat' dir='ltr'><strong>liutem</strong></span> <span class='ocrx_word' id='word_1_73' title='bbox 1629 1430 1807 1501; x_wconf 70' lang='grc' dir='ltr'>00000000οΨ</span> 
     </span>
     <span class='ocr_line' id='line_1_8' title="bbox 424 1514 1807 1587; baseline 0.001 -17"><span class='ocrx_word' id='word_1_74' title='bbox 424 1516 521 1587; x_wconf 88' lang='lat' dir='ltr'><strong>Magni</strong></span> <span class='ocrx_word' id='word_1_75' title='bbox 544 1516 666 1586; x_wconf 86' lang='lat' dir='ltr'><strong>faciunt,</strong></span> <span class='ocrx_word' id='word_1_76' title='bbox 692 1517 716 1571; x_wconf 92' lang='lat' dir='ltr'><strong>si</strong></span> <span class='ocrx_word' id='word_1_77' title='bbox 740 1516 825 1571; x_wconf 91' lang='lat' dir='ltr'><strong>alicui</strong></span> <span class='ocrx_word' id='word_1_78' title='bbox 849 1516 919 1572; x_wconf 89' lang='lat' dir='ltr'><strong>dant</strong></span> <span class='ocrx_word' id='word_1_79' title='bbox 941 1521 983 1583; x_wconf 85' lang='grc'><strong>30,</strong></span> <span class='ocrx_word' id='word_1_80' title='bbox 1003 1521 1037 1569; x_wconf 79' lang='grc'><strong>40</strong></span> <span class='ocrx_word' id='word_1_81' title='bbox 1056 1516 1097 1583; x_wconf 74' lang='lat' dir='ltr'><strong>fl,</strong></span> <span class='ocrx_word' id='word_1_82' title='bbox 1123 1514 1173 1571; x_wconf 89' lang='lat' dir='ltr'><strong>sed</strong></span> <span class='ocrx_word' id='word_1_83' title='bbox 1196 1515 1270 1571; x_wconf 88' lang='lat' dir='ltr'><strong>alere</strong></span> <span class='ocrx_word' id='word_1_84' title='bbox 1296 1516 1467 1572; x_wconf 86' lang='lat' dir='ltr'><strong>cardinalem</strong></span> <span class='ocrx_word' id='word_1_85' title='bbox 1491 1518 1638 1572; x_wconf 92' lang='lat' dir='ltr'><strong>annuatim</strong></span> <span class='ocrx_word' id='word_1_86' title='bbox 1661 1523 1752 1572; x_wconf 80' lang='lat'><strong>80000</strong></span> <span class='ocrx_word' id='word_1_87' title='bbox 1770 1518 1807 1586; x_wconf 80' lang='lat' dir='ltr'><strong>fl,</strong></span> 
     </span>
     <span class='ocr_line' id='line_1_9' title="bbox 424 1604 1808 1677; baseline 0 -16"><span class='ocrx_word' id='word_1_88' title='bbox 424 1606 584 1676; x_wconf 90' lang='lat' dir='ltr'><strong>episcopos,</strong></span> <span class='ocrx_word' id='word_1_89' title='bbox 607 1607 656 1676; x_wconf 90' lang='lat' dir='ltr'><strong>qui</strong></span> <span class='ocrx_word' id='word_1_90' title='bbox 674 1608 731 1662; x_wconf 89' lang='lat' dir='ltr'><strong>tres</strong></span> <span class='ocrx_word' id='word_1_91' title='bbox 750 1605 930 1677; x_wconf 88' lang='lat' dir='ltr'><strong>episcopatus</strong></span> <span class='ocrx_word' id='word_1_92' title='bbox 948 1604 1067 1673; x_wconf 88' lang='lat' dir='ltr'><strong>habent,</strong></span> <span class='ocrx_word' id='word_1_93' title='bbox 1092 1605 1142 1674; x_wconf 90' lang='lat' dir='ltr'><strong>qui</strong></span> <span class='ocrx_word' id='word_1_94' title='bbox 1160 1604 1246 1674; x_wconf 86' lang='lat' dir='ltr'><strong>nihil,</strong></span> <span class='ocrx_word' id='word_1_95' title='bbox 1271 1623 1344 1675; x_wconf 89' lang='lat' dir='ltr'><strong>quae</strong></span> <span class='ocrx_word' id='word_1_96' title='bbox 1362 1605 1507 1676; x_wconf 88' lang='lat' dir='ltr'><strong>religionis</strong></span> <span class='ocrx_word' id='word_1_97' title='bbox 1526 1609 1604 1675; x_wconf 89' lang='lat' dir='ltr'><strong>suut,</strong></span> <span class='ocrx_word' id='word_1_98' title='bbox 1627 1610 1739 1673; x_wconf 86' lang='lat' dir='ltr'><strong>curant,</strong></span> <span class='ocrx_word' id='word_1_99' title='bbox 1758 1607 1808 1662; x_wconf 91' lang='lat' dir='ltr'><strong>sed</strong></span> 
     </span>
     <span class='ocr_line' id='line_1_10' title="bbox 423 1694 1806 1768; baseline 0.001 -18"><span class='ocrx_word' id='word_1_100' title='bbox 423 1697 534 1750; x_wconf 89' lang='lat' dir='ltr'><strong>tantum</strong></span> <span class='ocrx_word' id='word_1_101' title='bbox 557 1695 717 1765; x_wconf 82' lang='lat' dir='ltr'><strong>principum</strong></span> <span class='ocrx_word' id='word_1_102' title='bbox 740 1699 770 1751; x_wconf 90' lang='lat' dir='ltr'><strong>ct</strong></span> <span class='ocrx_word' id='word_1_103' title='bbox 791 1695 1010 1765; x_wconf 76' lang='lat' dir='ltr'><strong>magistratuum</strong></span> <span class='ocrx_word' id='word_1_104' title='bbox 1027 1694 1138 1749; x_wconf 87' lang='lat' dir='ltr'><strong>ruinam</strong></span> <span class='ocrx_word' id='word_1_105' title='bbox 1156 1697 1334 1765; x_wconf 88' lang='lat' dir='ltr'><strong>exspectant,</strong></span> <span class='ocrx_word' id='word_1_106' title='bbox 1357 1695 1482 1751; x_wconf 88' lang='lat' dir='ltr'><strong>viventes</strong></span> <span class='ocrx_word' id='word_1_107' title='bbox 1500 1696 1531 1750; x_wconf 92' lang='lat' dir='ltr'><strong>in</strong></span> <span class='ocrx_word' id='word_1_108' title='bbox 1549 1695 1680 1768; x_wconf 89' lang='lat' dir='ltr'><strong>conjugio</strong></span> <span class='ocrx_word' id='word_1_109' title='bbox 1698 1712 1806 1751; x_wconf 88' lang='lat' dir='ltr'><strong>mascu-</strong></span> 
     </span>
     <span class='ocr_line' id='line_1_11' title="bbox 424 1783 1807 1869; baseline 0.002 -32"><span class='ocrx_word' id='word_1_110' title='bbox 424 1783 491 1851; x_wconf 90' lang='lat' dir='ltr'><strong>lino,</strong></span> <span class='ocrx_word' id='word_1_111' title='bbox 510 1783 554 1838; x_wconf 93' lang='lat' dir='ltr'><strong>illi</strong></span> <span class='ocrx_word' id='word_1_112' title='bbox 572 1783 761 1840; x_wconf 86' lang='lat' dir='ltr'><strong>defenduntur</strong></span> <span class='ocrx_word' id='word_1_113' title='bbox 779 1786 809 1839; x_wconf 90' lang='lat' dir='ltr'><strong>et</strong></span> <span class='ocrx_word' id='word_1_114' title='bbox 826 1783 978 1839; x_wconf 85' lang='lat' dir='ltr'><strong>laudantur</strong></span> <span class='ocrx_word' id='word_1_115' title='bbox 995 1800 1013 1838; x_wconf 93' lang='lat' dir='ltr'><strong>a</strong></span> <span class='ocrx_word' id='word_1_116' title='bbox 1031 1799 1143 1869; x_wconf 72' lang='lat' dir='ltr'><strong>caesam</strong></span> <span class='ocrx_word' id='word_1_117' title='bbox 1162 1785 1192 1837; x_wconf 88' lang='grc'><strong>00</strong></span> <span class='ocrx_word' id='word_1_118' title='bbox 1204 1783 1388 1854; x_wconf 90' lang='lat' dir='ltr'><strong>principibus.</strong></span> <span class='ocrx_word' id='word_1_119' title='bbox 1420 1784 1467 1838; x_wconf 92' lang='lat' dir='ltr'><strong>Illi</strong></span> <span class='ocrx_word' id='word_1_120' title='bbox 1485 1784 1606 1854; x_wconf 91' lang='lat' dir='ltr'><strong>gloriose</strong></span> <span class='ocrx_word' id='word_1_121' title='bbox 1619 1787 1649 1840; x_wconf 97' lang='grc'><strong>00</strong></span> <span class='ocrx_word' id='word_1_122' title='bbox 1662 1785 1807 1854; x_wconf 82' lang='lat' dir='ltr'><strong>tyrannice</strong></span> 
     </span>
     <span class='ocr_line' id='line_1_12' title="bbox 424 1872 1807 1945; baseline 0.001 -18"><span class='ocrx_word' id='word_1_123' title='bbox 424 1873 572 1941; x_wconf 89' lang='lat' dir='ltr'><strong>incedunt,</strong></span> <span class='ocrx_word' id='word_1_124' title='bbox 596 1874 762 1944; x_wconf 78' lang='lat' dir='ltr'><strong>saginantur</strong></span> <span class='ocrx_word' id='word_1_125' title='bbox 784 1891 848 1928; x_wconf 92' lang='lat' dir='ltr'><strong>cum</strong></span> <span class='ocrx_word' id='word_1_126' title='bbox 866 1890 974 1929; x_wconf 90' lang='lat' dir='ltr'><strong>summo</strong></span> <span class='ocrx_word' id='word_1_127' title='bbox 992 1873 1110 1940; x_wconf 76' lang='lat' dir='ltr'><strong>honere,</strong></span> <span class='ocrx_word' id='word_1_128' title='bbox 1134 1872 1236 1943; x_wconf 91' lang='lat' dir='ltr'><strong>quibus</strong></span> <span class='ocrx_word' id='word_1_129' title='bbox 1254 1873 1391 1928; x_wconf 88' lang='lat' dir='ltr'><strong>ecclesiae</strong></span> <span class='ocrx_word' id='word_1_130' title='bbox 1409 1889 1476 1928; x_wconf 87' lang='lat' dir='ltr'><strong>cure</strong></span> <span class='ocrx_word' id='word_1_131' title='bbox 1494 1874 1578 1945; x_wconf 87' lang='lat' dir='ltr'><strong>plane</strong></span> <span class='ocrx_word' id='word_1_132' title='bbox 1596 1873 1664 1945; x_wconf 84' lang='lat' dir='ltr'><strong>(Ser.</strong></span> <span class='ocrx_word' id='word_1_133' title='bbox 1683 1873 1728 1931; x_wconf 71' lang='lat' dir='ltr'><strong>er.</strong></span> <span class='ocrx_word' id='word_1_134' title='bbox 1745 1875 1807 1945; x_wconf 60' lang='lat'><strong>18³)</strong></span> 
     </span>
     <span class='ocr_line' id='line_1_13' title="bbox 424 1961 1808 2034; baseline 0.002 -18"><span class='ocrx_word' id='word_1_135' title='bbox 424 1962 518 2018; x_wconf 89' lang='lat' dir='ltr'><strong>aliena</strong></span> <span class='ocrx_word' id='word_1_136' title='bbox 535 1965 587 2032; x_wconf 90' lang='lat' dir='ltr'><strong>est,</strong></span> <span class='ocrx_word' id='word_1_137' title='bbox 605 1963 781 2017; x_wconf 89' lang='lat' dir='ltr'><strong>securissime</strong></span> <span class='ocrx_word' id='word_1_138' title='bbox 799 1963 970 2033; x_wconf 82' lang='lat' dir='ltr'><strong>imperantes</strong></span> <span class='ocrx_word' id='word_1_139' title='bbox 988 1965 1139 2033; x_wconf 90' lang='lat' dir='ltr'><strong>utcumque</strong></span> <span class='ocrx_word' id='word_1_140' title='bbox 1157 1961 1330 2017; x_wconf 84' lang='lat' dir='ltr'><strong>reclamante</strong></span> <span class='ocrx_word' id='word_1_141' title='bbox 1343 1962 1444 2019; x_wconf 85' lang='lat' dir='ltr'><strong>Paulo:</strong></span> <span class='ocrx_word' id='word_1_142' title='bbox 1463 1963 1636 2034; x_wconf 78' lang='lat' dir='ltr'><strong>„Episcopus</strong></span> <span class='ocrx_word' id='word_1_143' title='bbox 1650 1962 1734 2019; x_wconf 89' lang='lat' dir='ltr'><strong>debet</strong></span> <span class='ocrx_word' id='word_1_144' title='bbox 1747 1979 1808 2019; x_wconf 83' lang='lat' dir='ltr'><strong>esse</strong></span> 
     </span>
     <span class='ocr_line' id='line_1_14' title="bbox 423 2050 1808 2124; baseline 0.001 -18"><span class='ocrx_word' id='word_1_145' title='bbox 423 2050 612 2116; x_wconf 67' lang='grc' dir='ltr'>000000000ςέ*</span> <span class='ocrx_word' id='word_1_146' title='bbox 648 2051 700 2107; x_wconf 76' lang='lat' dir='ltr'><strong>list</strong></span> <span class='ocrx_word' id='word_1_147' title='bbox 721 2052 806 2121; x_wconf 85' lang='lat' dir='ltr'><strong>plane</strong></span> <span class='ocrx_word' id='word_1_148' title='bbox 828 2069 945 2124; x_wconf 91' lang='lat' dir='ltr'><strong>regnum</strong></span> <span class='ocrx_word' id='word_1_149' title='bbox 964 2051 1118 2119; x_wconf 82' lang='lat' dir='ltr'><strong>Sathanae,</strong></span> <span class='ocrx_word' id='word_1_150' title='bbox 1141 2051 1191 2121; x_wconf 89' lang='lat' dir='ltr'><strong>qui</strong></span> <span class='ocrx_word' id='word_1_151' title='bbox 1214 2051 1283 2107; x_wconf 91' lang='lat' dir='ltr'><strong>deus</strong></span> <span class='ocrx_word' id='word_1_152' title='bbox 1301 2051 1400 2106; x_wconf 90' lang='lat' dir='ltr'><strong>mundi</strong></span> <span class='ocrx_word' id='word_1_153' title='bbox 1418 2056 1468 2108; x_wconf 91' lang='lat' dir='ltr'><strong>est.</strong></span> <span class='ocrx_word' id='word_1_154' title='bbox 1505 2053 1571 2108; x_wconf 93' lang='lat' dir='ltr'><strong>Ideo</strong></span> <span class='ocrx_word' id='word_1_155' title='bbox 1590 2052 1661 2108; x_wconf 92' lang='lat' dir='ltr'><strong>bene</strong></span> <span class='ocrx_word' id='word_1_156' title='bbox 1680 2052 1808 2123; x_wconf 89' lang='lat' dir='ltr'><strong>disputat</strong></span> 
     </span>
     <span class='ocr_line' id='line_1_15' title="bbox 423 2141 1806 2213; baseline 0.001 -19"><span class='ocrx_word' id='word_1_157' title='bbox 423 2141 611 2211; x_wconf 81' lang='lat' dir='ltr'><strong>Augustinus,</strong></span> <span class='ocrx_word' id='word_1_158' title='bbox 639 2141 749 2196; x_wconf 88' lang='lat' dir='ltr'><strong>scilicet</strong></span> <span class='ocrx_word' id='word_1_159' title='bbox 772 2141 921 2197; x_wconf 84' lang='grc'>00000000</span> <span class='ocrx_word' id='word_1_160' title='bbox 943 2141 1047 2196; x_wconf 85' lang='lat' dir='ltr'><strong>habere</strong></span> <span class='ocrx_word' id='word_1_161' title='bbox 1069 2158 1187 2212; x_wconf 91' lang='lat' dir='ltr'><strong>regnum</strong></span> <span class='ocrx_word' id='word_1_162' title='bbox 1206 2141 1317 2209; x_wconf 88' lang='lat' dir='ltr'><strong>mundi,</strong></span> <span class='ocrx_word' id='word_1_163' title='bbox 1341 2141 1409 2212; x_wconf 88' lang='lat' dir='ltr'><strong>quia</strong></span> <span class='ocrx_word' id='word_1_164' title='bbox 1427 2142 1557 2213; x_wconf 89' lang='lat' dir='ltr'><strong>princeps</strong></span> <span class='ocrx_word' id='word_1_165' title='bbox 1574 2142 1673 2196; x_wconf 90' lang='lat' dir='ltr'><strong>mundi</strong></span> <span class='ocrx_word' id='word_1_166' title='bbox 1692 2141 1806 2197; x_wconf 84' lang='lat' dir='ltr'><strong>Sathan.</strong></span> 
     </span>
     <span class='ocr_line' id='line_1_16' title="bbox 425 2230 1807 2302; baseline 0.001 -17"><span class='ocrx_word' id='word_1_167' title='bbox 425 2230 480 2285; x_wconf 86' lang='lat' dir='ltr'><strong>Sed</strong></span> <span class='ocrx_word' id='word_1_168' title='bbox 504 2230 550 2285; x_wconf 90' lang='lat' dir='ltr'><strong>hic</strong></span> <span class='ocrx_word' id='word_1_169' title='bbox 574 2230 734 2298; x_wconf 87' lang='lat' dir='ltr'><strong>dubitatur,</strong></span> <span class='ocrx_word' id='word_1_170' title='bbox 758 2232 852 2285; x_wconf 84' lang='lat' dir='ltr'><strong>utrum</strong></span> <span class='ocrx_word' id='word_1_171' title='bbox 870 2230 984 2285; x_wconf 85' lang='lat' dir='ltr'><strong>Diaboli</strong></span> <span class='ocrx_word' id='word_1_172' title='bbox 1006 2231 1080 2285; x_wconf 88' lang='lat' dir='ltr'><strong>inter</strong></span> <span class='ocrx_word' id='word_1_173' title='bbox 1102 2246 1132 2285; x_wconf 88' lang='lat' dir='ltr'><strong>se</strong></span> <span class='ocrx_word' id='word_1_174' title='bbox 1155 2230 1280 2285; x_wconf 86' lang='lat' dir='ltr'><strong>habeant</strong></span> <span class='ocrx_word' id='word_1_175' title='bbox 1301 2246 1419 2302; x_wconf 92' lang='lat' dir='ltr'><strong>regnum</strong></span> <span class='ocrx_word' id='word_1_176' title='bbox 1437 2233 1467 2286; x_wconf 92' lang='lat' dir='ltr'><strong>et</strong></span> <span class='ocrx_word' id='word_1_177' title='bbox 1485 2231 1579 2286; x_wconf 86' lang='grc'>001000</span> <span class='ocrx_word' id='word_1_178' title='bbox 1593 2230 1737 2301; x_wconf 85' lang='lat' dir='ltr'><strong>justitiam</strong></span> <span class='ocrx_word' id='word_1_179' title='bbox 1755 2230 1807 2286; x_wconf 90' lang='lat' dir='ltr'><strong>ali·</strong></span> 
     </span>
     <span class='ocr_line' id='line_1_17' title="bbox 424 2319 1808 2390; baseline 0.001 -17"><span class='ocrx_word' id='word_1_180' title='bbox 424 2335 510 2388; x_wconf 88' lang='lat' dir='ltr'><strong>quam</strong></span> <span class='ocrx_word' id='word_1_181' title='bbox 532 2319 607 2374; x_wconf 92' lang='lat' dir='ltr'><strong>inter</strong></span> <span class='ocrx_word' id='word_1_182' title='bbox 629 2336 672 2386; x_wconf 92' lang='lat' dir='ltr'><strong>se,</strong></span> <span class='ocrx_word' id='word_1_183' title='bbox 695 2337 759 2374; x_wconf 89' lang='lat' dir='ltr'><strong>cum</strong></span> <span class='ocrx_word' id='word_1_184' title='bbox 783 2320 841 2375; x_wconf 88' lang='lat' dir='ltr'><strong>sint</strong></span> <span class='ocrx_word' id='word_1_185' title='bbox 861 2320 957 2375; x_wconf 89' lang='lat' dir='ltr'><strong>hostes</strong></span> <span class='ocrx_word' id='word_1_186' title='bbox 974 2320 1049 2374; x_wconf 89' lang='lat' dir='ltr'><strong>inter</strong></span> <span class='ocrx_word' id='word_1_187' title='bbox 1067 2336 1115 2386; x_wconf 82' lang='grc' dir='ltr'><strong>0ος</strong></span> <span class='ocrx_word' id='word_1_188' title='bbox 1140 2322 1170 2375; x_wconf 89' lang='grc'><strong>00</strong></span> <span class='ocrx_word' id='word_1_189' title='bbox 1187 2319 1260 2374; x_wconf 92' lang='lat' dir='ltr'><strong>dicit</strong></span> <span class='ocrx_word' id='word_1_190' title='bbox 1277 2320 1450 2388; x_wconf 86' lang='lat' dir='ltr'><strong>conclusive,</strong></span> <span class='ocrx_word' id='word_1_191' title='bbox 1475 2319 1539 2374; x_wconf 90' lang='lat' dir='ltr'><strong>illos</strong></span> <span class='ocrx_word' id='word_1_192' title='bbox 1558 2320 1648 2376; x_wconf 90' lang='lat' dir='ltr'><strong>colere</strong></span> <span class='ocrx_word' id='word_1_193' title='bbox 1663 2319 1808 2390; x_wconf 86' lang='lat' dir='ltr'><strong>justitiam</strong></span> 
     </span>
     <span class='ocr_line' id='line_1_18' title="bbox 423 2408 1808 2481; baseline 0.002 -19"><span class='ocrx_word' id='word_1_194' title='bbox 423 2408 634 2477; x_wconf 89' lang='lat' dir='ltr'><strong>comminutam,</strong></span> <span class='ocrx_word' id='word_1_195' title='bbox 652 2409 726 2463; x_wconf 89' lang='lat' dir='ltr'><strong>sicut</strong></span> <span class='ocrx_word' id='word_1_196' title='bbox 742 2408 866 2465; x_wconf 85' lang='lat' dir='ltr'><strong>latrones</strong></span> <span class='ocrx_word' id='word_1_197' title='bbox 884 2409 958 2464; x_wconf 92' lang='lat' dir='ltr'><strong>inter</strong></span> <span class='ocrx_word' id='word_1_198' title='bbox 976 2426 1007 2465; x_wconf 89' lang='lat' dir='ltr'><strong>se</strong></span> <span class='ocrx_word' id='word_1_199' title='bbox 1024 2408 1140 2478; x_wconf 83' lang='lat' dir='ltr'><strong>iaciant,</strong></span> <span class='ocrx_word' id='word_1_200' title='bbox 1158 2412 1188 2465; x_wconf 88' lang='grc'><strong>00</strong></span> <span class='ocrx_word' id='word_1_201' title='bbox 1206 2412 1302 2464; x_wconf 90' lang='lat' dir='ltr'><strong>contra</strong></span> <span class='ocrx_word' id='word_1_202' title='bbox 1316 2408 1457 2464; x_wconf 75' lang='lat' dir='ltr'><strong>Christum</strong></span> <span class='ocrx_word' id='word_1_203' title='bbox 1475 2425 1536 2465; x_wconf 89' lang='lat' dir='ltr'><strong>csse</strong></span> <span class='ocrx_word' id='word_1_204' title='bbox 1550 2409 1634 2481; x_wconf 86' lang='lat' dir='ltr'><strong>plane</strong></span> <span class='ocrx_word' id='word_1_205' title='bbox 1648 2410 1808 2478; x_wconf 87' lang='lat' dir='ltr'><strong>concordes,</strong></span> 
     </span>
     <span class='ocr_line' id='line_1_19' title="bbox 424 2497 1807 2569; baseline 0.001 -16"><span class='ocrx_word' id='word_1_206' title='bbox 424 2500 454 2553; x_wconf 92' lang='lat' dir='ltr'><strong>et</strong></span> <span class='ocrx_word' id='word_1_207' title='bbox 472 2498 502 2552; x_wconf 91' lang='lat' dir='ltr'><strong>iu</strong></span> <span class='ocrx_word' id='word_1_208' title='bbox 521 2497 633 2553; x_wconf 90' lang='lat' dir='ltr'><strong>malitia</strong></span> <span class='ocrx_word' id='word_1_209' title='bbox 650 2501 751 2569; x_wconf 90' lang='lat' dir='ltr'><strong>sponte</strong></span> <span class='ocrx_word' id='word_1_210' title='bbox 768 2502 866 2553; x_wconf 90' lang='lat' dir='ltr'><strong>mutuo</strong></span> <span class='ocrx_word' id='word_1_211' title='bbox 885 2499 940 2553; x_wconf 91' lang='lat' dir='ltr'><strong>sibi</strong></span> <span class='ocrx_word' id='word_1_212' title='bbox 954 2499 1116 2554; x_wconf 90' lang='lat' dir='ltr'><strong>inserviunt.</strong></span> <span class='ocrx_word' id='word_1_213' title='bbox 1149 2498 1223 2554; x_wconf 88' lang='lat' dir='ltr'><strong>Nam</strong></span> <span class='ocrx_word' id='word_1_214' title='bbox 1237 2499 1344 2554; x_wconf 75' lang='lat' dir='ltr'><strong>dathan</strong></span> <span class='ocrx_word' id='word_1_215' title='bbox 1359 2517 1496 2553; x_wconf 85' lang='lat' dir='ltr'><strong>summum</strong></span> <span class='ocrx_word' id='word_1_216' title='bbox 1512 2498 1559 2569; x_wconf 91' lang='lat' dir='ltr'><strong>jus</strong></span> <span class='ocrx_word' id='word_1_217' title='bbox 1574 2499 1603 2553; x_wconf 92' lang='lat' dir='ltr'><strong>in</strong></span> <span class='ocrx_word' id='word_1_218' title='bbox 1618 2499 1807 2569; x_wconf 89' lang='lat' dir='ltr'><strong>potestatibus</strong></span> 
     </span>
     <span class='ocr_line' id='line_1_20' title="bbox 425 2588 1441 2659; baseline 0.002 -19"><span class='ocrx_word' id='word_1_219' title='bbox 425 2588 520 2657; x_wconf 89' lang='lat' dir='ltr'><strong>habet,</strong></span> <span class='ocrx_word' id='word_1_220' title='bbox 540 2588 667 2656; x_wconf 84' lang='lat' dir='ltr'><strong>quamvis</strong></span> <span class='ocrx_word' id='word_1_221' title='bbox 685 2591 840 2658; x_wconf 88' lang='lat' dir='ltr'><strong>potestates</strong></span> <span class='ocrx_word' id='word_1_222' title='bbox 859 2605 910 2659; x_wconf 90' lang='lat' dir='ltr'><strong>per</strong></span> <span class='ocrx_word' id='word_1_223' title='bbox 928 2605 959 2644; x_wconf 97' lang='grc'><strong>00</strong></span> <span class='ocrx_word' id='word_1_224' title='bbox 976 2588 1034 2643; x_wconf 87' lang='lat' dir='ltr'><strong>sint</strong></span> <span class='ocrx_word' id='word_1_225' title='bbox 1051 2588 1141 2644; x_wconf 90' lang='lat' dir='ltr'><strong>bonae</strong></span> <span class='ocrx_word' id='word_1_226' title='bbox 1160 2588 1352 2644; x_wconf 86' lang='lat' dir='ltr'><strong>ordinationes</strong></span> <span class='ocrx_word' id='word_1_227' title='bbox 1369 2588 1441 2643; x_wconf 78' lang='lat' dir='ltr'><strong>Dei&#39;</strong></span> 
     </span>
    </p>
   </div>
   <div class='ocr_carea' id='block_1_4' title="bbox 640 2785 1272 2877">
    <p class='ocr_par' dir='ltr' id='par_1_4' title="bbox 640 2785 1272 2877">
     <span class='ocr_line' id='line_1_21' title="bbox 640 2785 1272 2877; baseline 0.005 -25"><span class='ocrx_word' id='word_1_228' title='bbox 640 2786 722 2855; x_wconf 78' lang='grc'>000.</span> <span class='ocrx_word' id='word_1_229' title='bbox 755 2785 811 2876; x_wconf 75' lang='lat' dir='ltr'><strong>(a.</strong></span> <span class='ocrx_word' id='word_1_230' title='bbox 830 2788 887 2877; x_wconf 81' lang='grc'><strong>00)</strong></span> <span class='ocrx_word' id='word_1_231' title='bbox 912 2788 1049 2855; x_wconf 69' lang='lat' dir='ltr'><strong>numu</strong></span> <span class='ocrx_word' id='word_1_232' title='bbox 1070 2810 1125 2855; x_wconf 71' lang='lat' dir='ltr'><strong>seu</strong></span> <span class='ocrx_word' id='word_1_233' title='bbox 1146 2791 1272 2857; x_wconf 68' lang='lat' dir='ltr'><strong>usuc</strong></span> 
     </span>
    </p>
   </div>
   <div class='ocr_carea' id='block_1_5' title="bbox 424 2929 1808 3874">
    <p class='ocr_par' dir='ltr' id='par_1_5' title="bbox 424 2929 1808 3769">
     <span class='ocr_line' id='line_1_22' title="bbox 516 2929 1808 3020; baseline 0.002 -25"><span class='ocrx_word' id='word_1_234' title='bbox 516 2930 565 2998; x_wconf 88' lang='grc'><strong>16,</strong></span> <span class='ocrx_word' id='word_1_235' title='bbox 593 2930 758 2996; x_wconf 90' lang='lat' dir='ltr'><strong>Decembr.</strong></span> <span class='ocrx_word' id='word_1_236' title='bbox 766 2929 792 3018; x_wconf 92' lang='lat'><strong>¹)</strong></span> <span class='ocrx_word' id='word_1_237' title='bbox 824 2933 908 2996; x_wconf 87' lang='lat' dir='ltr'><strong>iutra</strong></span> <span class='ocrx_word' id='word_1_238' title='bbox 941 2931 969 2996; x_wconf 88' lang='grc'><strong>6.</strong></span> <span class='ocrx_word' id='word_1_239' title='bbox 997 2936 1031 2996; x_wconf 89' lang='grc'><strong>00</strong></span> <span class='ocrx_word' id='word_1_240' title='bbox 1058 2933 1086 2999; x_wconf 83' lang='grc'><strong>7.</strong></span> <span class='ocrx_word' id='word_1_241' title='bbox 1115 2955 1259 2998; x_wconf 90' lang='lat' dir='ltr'><strong>summus</strong></span> <span class='ocrx_word' id='word_1_242' title='bbox 1291 2933 1400 3020; x_wconf 87' lang='lat' dir='ltr'><strong>fragor</strong></span> <span class='ocrx_word' id='word_1_243' title='bbox 1431 2933 1566 2997; x_wconf 88' lang='lat' dir='ltr'><strong>tonitrui</strong></span> <span class='ocrx_word' id='word_1_244' title='bbox 1597 2931 1808 3017; x_wconf 84' lang='lat' dir='ltr'><strong>praecedente</strong></span> 
     </span>
     <span class='ocr_line' id='line_1_23' title="bbox 426 3036 1807 3127; baseline 0.001 -24"><span class='ocrx_word' id='word_1_245' title='bbox 426 3039 643 3104; x_wconf 89' lang='lat' dir='ltr'><strong>coruscatione</strong></span> <span class='ocrx_word' id='word_1_246' title='bbox 676 3038 803 3104; x_wconf 88' lang='lat' dir='ltr'><strong>auditus</strong></span> <span class='ocrx_word' id='word_1_247' title='bbox 834 3043 897 3123; x_wconf 88' lang='lat' dir='ltr'><strong>est,</strong></span> <span class='ocrx_word' id='word_1_248' title='bbox 929 3060 1002 3103; x_wconf 90' lang='lat' dir='ltr'><strong>cum</strong></span> <span class='ocrx_word' id='word_1_249' title='bbox 1030 3061 1089 3125; x_wconf 86' lang='lat' dir='ltr'><strong>per</strong></span> <span class='ocrx_word' id='word_1_250' title='bbox 1120 3040 1283 3105; x_wconf 89' lang='lat' dir='ltr'><strong>octodium</strong></span> <span class='ocrx_word' id='word_1_251' title='bbox 1316 3040 1487 3105; x_wconf 89' lang='lat' dir='ltr'><strong>vehemens</strong></span> <span class='ocrx_word' id='word_1_252' title='bbox 1518 3036 1654 3127; x_wconf 79' lang='lat' dir='ltr'><strong>frigus²)</strong></span> <span class='ocrx_word' id='word_1_253' title='bbox 1685 3039 1807 3104; x_wconf 87' lang='lat' dir='ltr'><strong>fuisset.</strong></span> 
     </span>
     <span class='ocr_line' id='line_1_24' title="bbox 425 3144 1807 3233; baseline -0.001 -20"><span class='ocrx_word' id='word_1_254' title='bbox 425 3145 482 3233; x_wconf 59' lang='lat' dir='ltr'><strong>(Q</strong></span> <span class='ocrx_word' id='word_1_255' title='bbox 507 3146 564 3233; x_wconf 73' lang='lat'><strong>87)</strong></span> <span class='ocrx_word' id='word_1_256' title='bbox 596 3144 634 3211; x_wconf 90' lang='lat' dir='ltr'><strong>ld</strong></span> <span class='ocrx_word' id='word_1_257' title='bbox 666 3146 885 3212; x_wconf 84' lang='lat' dir='ltr'><strong>mathematici</strong></span> <span class='ocrx_word' id='word_1_258' title='bbox 914 3145 1044 3211; x_wconf 89' lang='lat' dir='ltr'><strong>chasma</strong></span> <span class='ocrx_word' id='word_1_259' title='bbox 1075 3150 1205 3232; x_wconf 70' lang='lat' dir='ltr'><strong>vocant,</strong></span> <span class='ocrx_word' id='word_1_260' title='bbox 1237 3147 1426 3231; x_wconf 89' lang='lat' dir='ltr'><strong>portendere</strong></span> <span class='ocrx_word' id='word_1_261' title='bbox 1458 3146 1634 3211; x_wconf 86' lang='lat' dir='ltr'><strong>siccitatem</strong></span> <span class='ocrx_word' id='word_1_262' title='bbox 1667 3147 1701 3210; x_wconf 93' lang='lat' dir='ltr'><strong>in</strong></span> <span class='ocrx_word' id='word_1_263' title='bbox 1728 3151 1807 3212; x_wconf 75' lang='lat' dir='ltr'><strong>edre.</strong></span> 
     </span>
     <span class='ocr_line' id='line_1_25' title="bbox 426 3251 1808 3339; baseline 0.001 -22"><span class='ocrx_word' id='word_1_264' title='bbox 426 3251 489 3318; x_wconf 87' lang='lat' dir='ltr'><strong>Sed</strong></span> <span class='ocrx_word' id='word_1_265' title='bbox 507 3252 668 3318; x_wconf 88' lang='lat' dir='ltr'><strong>Lutherus</strong></span> <span class='ocrx_word' id='word_1_266' title='bbox 691 3258 724 3318; x_wconf 86' lang='lat' dir='ltr'><strong>et</strong></span> <span class='ocrx_word' id='word_1_267' title='bbox 742 3252 938 3319; x_wconf 89' lang='lat' dir='ltr'><strong>Pomeranus</strong></span> <span class='ocrx_word' id='word_1_268' title='bbox 962 3273 1035 3318; x_wconf 90' lang='lat' dir='ltr'><strong>cum</strong></span> <span class='ocrx_word' id='word_1_269' title='bbox 1058 3258 1193 3339; x_wconf 88' lang='lat' dir='ltr'><strong>uterque</strong></span> <span class='ocrx_word' id='word_1_270' title='bbox 1215 3255 1250 3318; x_wconf 94' lang='lat' dir='ltr'><strong>in</strong></span> <span class='ocrx_word' id='word_1_271' title='bbox 1272 3253 1420 3318; x_wconf 90' lang='lat' dir='ltr'><strong>domibus</strong></span> <span class='ocrx_word' id='word_1_272' title='bbox 1443 3255 1510 3319; x_wconf 89' lang='lat' dir='ltr'><strong>suis</strong></span> <span class='ocrx_word' id='word_1_273' title='bbox 1533 3254 1567 3317; x_wconf 93' lang='lat' dir='ltr'><strong>in</strong></span> <span class='ocrx_word' id='word_1_274' title='bbox 1591 3274 1690 3319; x_wconf 91' lang='lat' dir='ltr'><strong>coena</strong></span> <span class='ocrx_word' id='word_1_275' title='bbox 1712 3252 1808 3319; x_wconf 88' lang='lat' dir='ltr'><strong>vidis·</strong></span> 
     </span>
     <span class='ocr_line' id='line_1_26' title="bbox 425 3360 1808 3445; baseline 0 -21"><span class='ocrx_word' id='word_1_276' title='bbox 425 3363 506 3444; x_wconf 87' lang='lat' dir='ltr'><strong>sent,</strong></span> <span class='ocrx_word' id='word_1_277' title='bbox 529 3360 608 3425; x_wconf 86' lang='lat' dir='ltr'><strong>haec</strong></span> <span class='ocrx_word' id='word_1_278' title='bbox 629 3382 699 3425; x_wconf 90' lang='lat' dir='ltr'><strong>esse</strong></span> <span class='ocrx_word' id='word_1_279' title='bbox 721 3364 871 3445; x_wconf 89' lang='lat' dir='ltr'><strong>portenta</strong></span> <span class='ocrx_word' id='word_1_280' title='bbox 892 3360 1038 3425; x_wconf 90' lang='lat' dir='ltr'><strong>miranda</strong></span> <span class='ocrx_word' id='word_1_281' title='bbox 1059 3360 1182 3444; x_wconf 87' lang='lat' dir='ltr'><strong>aliquid</strong></span> <span class='ocrx_word' id='word_1_282' title='bbox 1205 3360 1360 3426; x_wconf 89' lang='lat' dir='ltr'><strong>minantia</strong></span> <span class='ocrx_word' id='word_1_283' title='bbox 1383 3360 1598 3445; x_wconf 89' lang='lat' dir='ltr'><strong>disputabant,</strong></span> <span class='ocrx_word' id='word_1_284' title='bbox 1626 3360 1703 3444; x_wconf 88' lang='lat' dir='ltr'><strong>quia</strong></span> <span class='ocrx_word' id='word_1_285' title='bbox 1724 3364 1808 3425; x_wconf 87' lang='lat' dir='ltr'><strong>esset</strong></span> 
     </span>
     <span class='ocr_line' id='line_1_27' title="bbox 424 3466 1807 3552; baseline -0.001 -20"><span class='ocrx_word' id='word_1_286' title='bbox 424 3469 510 3533; x_wconf 81' lang='lat' dir='ltr'><strong>ultra</strong></span> <span class='ocrx_word' id='word_1_287' title='bbox 533 3489 660 3533; x_wconf 91' lang='lat' dir='ltr'><strong>omnem</strong></span> <span class='ocrx_word' id='word_1_288' title='bbox 683 3471 844 3552; x_wconf 89' lang='lat' dir='ltr'><strong>naturam,</strong></span> <span class='ocrx_word' id='word_1_289' title='bbox 870 3488 931 3532; x_wconf 88' lang='lat' dir='ltr'><strong>nos</strong></span> <span class='ocrx_word' id='word_1_290' title='bbox 953 3467 988 3531; x_wconf 93' lang='lat' dir='ltr'><strong>in</strong></span> <span class='ocrx_word' id='word_1_291' title='bbox 1011 3467 1130 3532; x_wconf 90' lang='lat' dir='ltr'><strong>circulo</strong></span> <span class='ocrx_word' id='word_1_292' title='bbox 1154 3467 1274 3533; x_wconf 87' lang='lat' dir='ltr'><strong>arctico</strong></span> <span class='ocrx_word' id='word_1_293' title='bbox 1297 3466 1375 3532; x_wconf 86' lang='lat' dir='ltr'><strong>talia</strong></span> <span class='ocrx_word' id='word_1_294' title='bbox 1397 3468 1514 3532; x_wconf 88' lang='lat' dir='ltr'><strong>hebere</strong></span> <span class='ocrx_word' id='word_1_295' title='bbox 1536 3470 1694 3552; x_wconf 85' lang='lat' dir='ltr'><strong>portenta,</strong></span> <span class='ocrx_word' id='word_1_296' title='bbox 1721 3466 1807 3551; x_wconf 89' lang='lat' dir='ltr'><strong>quod</strong></span> 
     </span>
     <span class='ocr_line' id='line_1_28' title="bbox 425 3574 1807 3660; baseline -0.001 -20"><span class='ocrx_word' id='word_1_297' title='bbox 425 3576 504 3640; x_wconf 87' lang='lat' dir='ltr'><strong>satis</strong></span> <span class='ocrx_word' id='word_1_298' title='bbox 526 3579 610 3640; x_wconf 88' lang='lat' dir='ltr'><strong>esset</strong></span> <span class='ocrx_word' id='word_1_299' title='bbox 633 3575 668 3640; x_wconf 93' lang='lat' dir='ltr'><strong>in</strong></span> <span class='ocrx_word' id='word_1_300' title='bbox 689 3574 841 3660; x_wconf 84' lang='lat' dir='ltr'><strong>Aphrica,</strong></span> <span class='ocrx_word' id='word_1_301' title='bbox 863 3574 942 3639; x_wconf 87' lang='lat' dir='ltr'><strong>Asia</strong></span> <span class='ocrx_word' id='word_1_302' title='bbox 964 3575 1080 3659; x_wconf 89' lang='lat' dir='ltr'><strong>ethis,</strong></span> <span class='ocrx_word' id='word_1_303' title='bbox 1102 3575 1158 3659; x_wconf 88' lang='lat' dir='ltr'><strong>qui</strong></span> <span class='ocrx_word' id='word_1_304' title='bbox 1182 3574 1241 3639; x_wconf 89' lang='lat' dir='ltr'><strong>sub</strong></span> <span class='ocrx_word' id='word_1_305' title='bbox 1264 3575 1385 3639; x_wconf 86' lang='lat' dir='ltr'><strong>torrida</strong></span> <span class='ocrx_word' id='word_1_306' title='bbox 1407 3595 1487 3640; x_wconf 82' lang='grc'>0000</span> <span class='ocrx_word' id='word_1_307' title='bbox 1510 3577 1566 3639; x_wconf 90' lang='grc'><strong>000</strong></span> <span class='ocrx_word' id='word_1_308' title='bbox 1583 3574 1716 3658; x_wconf 84' lang='lat' dir='ltr'><strong>tropicis</strong></span> <span class='ocrx_word' id='word_1_309' title='bbox 1734 3574 1807 3658; x_wconf 87' lang='lat' dir='ltr'><strong>[oir-</strong></span> 
     </span>
     <span class='ocr_line' id='line_1_29' title="bbox 425 3679 1297 3769; baseline 0 -23"><span class='ocrx_word' id='word_1_310' title='bbox 425 3680 554 3768; x_wconf 79' lang='lat' dir='ltr'><strong>culis]³)</strong></span> <span class='ocrx_word' id='word_1_311' title='bbox 578 3685 691 3747; x_wconf 90' lang='lat' dir='ltr'><strong>essent.</strong></span> <span class='ocrx_word' id='word_1_312' title='bbox 736 3681 817 3747; x_wconf 84' lang='lat' dir='ltr'><strong>Esse</strong></span> <span class='ocrx_word' id='word_1_313' title='bbox 840 3682 941 3769; x_wconf 88' lang='lat' dir='ltr'><strong>igitur</strong></span> <span class='ocrx_word' id='word_1_314' title='bbox 962 3681 1058 3767; x_wconf 87' lang='lat' dir='ltr'><strong>plane</strong></span> <span class='ocrx_word' id='word_1_315' title='bbox 1081 3679 1297 3746; x_wconf 79' lang='lat' dir='ltr'><strong>Sathanicum.</strong></span> 
     </span>
    </p>

    <p class='ocr_par' dir='ltr' id='par_1_6' title="bbox 515 3786 1808 3874">
     <span class='ocr_line' id='line_1_30' title="bbox 515 3786 1808 3874; baseline -0.002 -19"><span class='ocrx_word' id='word_1_316' title='bbox 515 3787 587 3874; x_wconf 64' lang='lat'><strong>‘863</strong></span> <span class='ocrx_word' id='word_1_317' title='bbox 618 3787 695 3873; x_wconf 74' lang='lat' dir='ltr'><strong>holt,</strong></span> <span class='ocrx_word' id='word_1_318' title='bbox 724 3786 781 3857; x_wconf 80' lang='grc'><strong>000</strong></span> <span class='ocrx_word' id='word_1_319' title='bbox 809 3787 856 3856; x_wconf 77' lang='lat' dir='ltr'><strong>oie</strong></span> <span class='ocrx_word' id='word_1_320' title='bbox 878 3786 1001 3873; x_wconf 62' lang='grc'>000000</span> <span class='ocrx_word' id='word_1_321' title='bbox 1027 3786 1124 3873; x_wconf 74' lang='lat' dir='ltr'><strong>beben</strong></span> <span class='ocrx_word' id='word_1_322' title='bbox 1147 3786 1212 3856; x_wconf 83' lang='lat' dir='ltr'><strong>ciue</strong></span> <span class='ocrx_word' id='word_1_323' title='bbox 1236 3787 1429 3874; x_wconf 79' lang='grc'>0000000000</span> <span class='ocrx_word' id='word_1_324' title='bbox 1452 3786 1560 3855; x_wconf 76' lang='lat' dir='ltr'><strong>molen</strong></span> <span class='ocrx_word' id='word_1_325' title='bbox 1585 3786 1748 3872; x_wconf 79' lang='grc'>0000000,</span> <span class='ocrx_word' id='word_1_326' title='bbox 1775 3792 1808 3852; x_wconf 82' lang='lat' dir='ltr'><strong>ct</strong></span> 
     </span>
    </p>
   </div>
   <div class='ocr_carea' id='block_1_6' title="bbox 425 3891 1808 4603">
    <p class='ocr_par' dir='ltr' id='par_1_7' title="bbox 425 3891 1808 4603">
     <span class='ocr_line' id='line_1_31' title="bbox 425 3891 1807 3983; baseline -0.001 -23"><span class='ocrx_word' id='word_1_327' title='bbox 425 3896 571 3982; x_wconf 78' lang='lat' dir='ltr'><strong>Angelus</strong></span> <span class='ocrx_word' id='word_1_328' title='bbox 598 3896 715 3979; x_wconf 89' lang='lat' dir='ltr'><strong>aliquis</strong></span> <span class='ocrx_word' id='word_1_329' title='bbox 747 3897 810 3961; x_wconf 92' lang='lat' dir='ltr'><strong>hoc</strong></span> <span class='ocrx_word' id='word_1_330' title='bbox 836 3896 966 3961; x_wconf 84' lang='lat' dir='ltr'><strong>chasma</strong></span> <span class='ocrx_word' id='word_1_331' title='bbox 993 3896 1173 3982; x_wconf 80' lang='lat' dir='ltr'><strong>impedivit,</strong></span> <span class='ocrx_word' id='word_1_332' title='bbox 1206 3894 1259 3980; x_wconf 77' lang='grc'><strong>000</strong></span> <span class='ocrx_word' id='word_1_333' title='bbox 1286 3894 1361 3983; x_wconf 61' lang='grc'>0004)</span> <span class='ocrx_word' id='word_1_334' title='bbox 1390 3893 1438 3963; x_wconf 79' lang='lat' dir='ltr'><strong>cin</strong></span> <span class='ocrx_word' id='word_1_335' title='bbox 1466 3893 1527 3980; x_wconf 73' lang='lat' dir='ltr'><strong>[osb</strong></span> <span class='ocrx_word' id='word_1_336' title='bbox 1555 3893 1642 3979; x_wconf 71' lang='lat' dir='ltr'><strong>lucu</strong></span> <span class='ocrx_word' id='word_1_337' title='bbox 1666 3891 1713 3962; x_wconf 82' lang='lat' dir='ltr'><strong>bie</strong></span> <span class='ocrx_word' id='word_1_338' title='bbox 1735 3915 1807 3979; x_wconf 91' lang='lat' dir='ltr'><strong>pro-</strong></span> 
     </span>
     <span class='ocr_line' id='line_1_32' title="bbox 426 3998 1807 4090; baseline -0.001 -23"><span class='ocrx_word' id='word_1_339' title='bbox 426 4003 601 4088; x_wconf 88' lang='lat' dir='ltr'><strong>positiones</strong></span> <span class='ocrx_word' id='word_1_340' title='bbox 631 3999 764 4087; x_wconf 73' lang='grc' dir='ltr'>90τίἱὶεο</span> <span class='ocrx_word' id='word_1_341' title='bbox 817 4000 880 4068; x_wconf 84' lang='lat' dir='ltr'><strong>Sed</strong></span> <span class='ocrx_word' id='word_1_342' title='bbox 908 4002 987 4068; x_wconf 86' lang='lat' dir='ltr'><strong>talia</strong></span> <span class='ocrx_word' id='word_1_343' title='bbox 1015 4002 1143 4068; x_wconf 86' lang='lat' dir='ltr'><strong>infinita</strong></span> <span class='ocrx_word' id='word_1_344' title='bbox 1172 4002 1265 4090; x_wconf 86' lang='lat' dir='ltr'><strong>signa</strong></span> <span class='ocrx_word' id='word_1_345' title='bbox 1296 4001 1434 4067; x_wconf 89' lang='lat' dir='ltr'><strong>mundus</strong></span> <span class='ocrx_word' id='word_1_346' title='bbox 1463 4003 1546 4067; x_wconf 90' lang='lat' dir='ltr'><strong>nihil</strong></span> <span class='ocrx_word' id='word_1_347' title='bbox 1575 4005 1672 4067; x_wconf 81' lang='lat' dir='ltr'><strong>curat.</strong></span> <span class='ocrx_word' id='word_1_348' title='bbox 1726 3998 1807 4066; x_wconf 81' lang='lat' dir='ltr'><strong>Cum</strong></span> 
     </span>
     <span class='ocr_line' id='line_1_33' title="bbox 426 4106 1808 4196; baseline -0.004 -19"><span class='ocrx_word' id='word_1_349' title='bbox 426 4108 535 4195; x_wconf 52' lang='lat' dir='ltr'><strong>&amp;aab</strong></span> <span class='ocrx_word' id='word_1_350' title='bbox 558 4110 597 4173; x_wconf 90' lang='lat' dir='ltr'><strong>de</strong></span> <span class='ocrx_word' id='word_1_351' title='bbox 620 4106 812 4196; x_wconf 55' lang='grc'>0000000005)</span> <span class='ocrx_word' id='word_1_352' title='bbox 841 4110 930 4174; x_wconf 89' lang='lat' dir='ltr'><strong>obire</strong></span> <span class='ocrx_word' id='word_1_353' title='bbox 953 4109 1077 4194; x_wconf 88' lang='lat' dir='ltr'><strong>debuit,</strong></span> <span class='ocrx_word' id='word_1_354' title='bbox 1104 4109 1209 4175; x_wconf 91' lang='lat' dir='ltr'><strong>simile</strong></span> <span class='ocrx_word' id='word_1_355' title='bbox 1231 4109 1337 4175; x_wconf 88' lang='lat' dir='ltr'><strong>visum</strong></span> <span class='ocrx_word' id='word_1_356' title='bbox 1359 4113 1409 4175; x_wconf 87' lang='grc'><strong>000</strong></span> <span class='ocrx_word' id='word_1_357' title='bbox 1431 4132 1450 4174; x_wconf 90' lang='grc'><strong>0</strong></span> <span class='ocrx_word' id='word_1_358' title='bbox 1471 4108 1624 4193; x_wconf 89' lang='lat' dir='ltr'><strong>Philippo</strong></span> <span class='ocrx_word' id='word_1_359' title='bbox 1647 4107 1808 4174; x_wconf 88' lang='lat' dir='ltr'><strong>Melanch-</strong></span> 
     </span>
     <span class='ocr_line' id='line_1_34' title="bbox 425 4213 1808 4303; baseline -0.001 -21"><span class='ocrx_word' id='word_1_360' title='bbox 425 4217 541 4300; x_wconf 87' lang='lat' dir='ltr'><strong>thone,</strong></span> <span class='ocrx_word' id='word_1_361' title='bbox 568 4221 601 4281; x_wconf 90' lang='lat' dir='ltr'><strong>et</strong></span> <span class='ocrx_word' id='word_1_362' title='bbox 623 4214 745 4301; x_wconf 71' lang='lat' dir='ltr'><strong>llbolpb</strong></span> <span class='ocrx_word' id='word_1_363' title='bbox 769 4218 876 4301; x_wconf 87' lang='lat' dir='ltr'><strong>pictor</strong></span> <span class='ocrx_word' id='word_1_364' title='bbox 898 4216 1002 4282; x_wconf 85' lang='lat' dir='ltr'><strong>Lucae</strong></span> <span class='ocrx_word' id='word_1_365' title='bbox 1025 4213 1199 4303; x_wconf 72' lang='lat' dir='ltr'><strong>illicietd⁶),</strong></span> <span class='ocrx_word' id='word_1_366' title='bbox 1227 4217 1350 4281; x_wconf 84' lang='lat' dir='ltr'><strong>iscam</strong></span> <span class='ocrx_word' id='word_1_367' title='bbox 1376 4218 1475 4281; x_wconf 90' lang='lat' dir='ltr'><strong>noctu</strong></span> <span class='ocrx_word' id='word_1_368' title='bbox 1498 4215 1638 4302; x_wconf 75' lang='lat' dir='ltr'><strong>&#39;l&#39;orgam</strong></span> <span class='ocrx_word' id='word_1_369' title='bbox 1665 4216 1808 4300; x_wconf 86' lang='lat' dir='ltr'><strong>proficis-</strong></span> 
     </span>
     <span class='ocr_line' id='line_1_35' title="bbox 426 4323 1808 4411; baseline -0.001 -23"><span class='ocrx_word' id='word_1_370' title='bbox 426 4326 551 4389; x_wconf 86' lang='lat' dir='ltr'><strong>ceretur</strong></span> <span class='ocrx_word' id='word_1_371' title='bbox 574 4344 645 4388; x_wconf 90' lang='lat' dir='ltr'><strong>cum</strong></span> <span class='ocrx_word' id='word_1_372' title='bbox 669 4324 799 4407; x_wconf 78' lang='lat' dir='ltr'><strong>mistico,</strong></span> <span class='ocrx_word' id='word_1_373' title='bbox 821 4323 902 4387; x_wconf 88' lang='lat' dir='ltr'><strong>vidit</strong></span> <span class='ocrx_word' id='word_1_374' title='bbox 924 4324 958 4388; x_wconf 93' lang='lat' dir='ltr'><strong>iu</strong></span> <span class='ocrx_word' id='word_1_375' title='bbox 980 4325 1068 4389; x_wconf 89' lang='lat' dir='ltr'><strong>caelo</strong></span> <span class='ocrx_word' id='word_1_376' title='bbox 1091 4345 1242 4411; x_wconf 87' lang='lat' dir='ltr'><strong>magnam</strong></span> <span class='ocrx_word' id='word_1_377' title='bbox 1265 4324 1400 4408; x_wconf 87' lang='lat' dir='ltr'><strong>stellam,</strong></span> <span class='ocrx_word' id='word_1_378' title='bbox 1427 4323 1511 4388; x_wconf 87' lang='lat' dir='ltr'><strong>circa</strong></span> <span class='ocrx_word' id='word_1_379' title='bbox 1533 4344 1630 4407; x_wconf 90' lang='lat' dir='ltr'><strong>quam</strong></span> <span class='ocrx_word' id='word_1_380' title='bbox 1653 4328 1808 4407; x_wconf 87' lang='lat' dir='ltr'><strong>tympona</strong></span> 
     </span>
     <span class='ocr_line' id='line_1_36' title="bbox 426 4428 1807 4517; baseline -0.001 -22"><span class='ocrx_word' id='word_1_381' title='bbox 426 4428 625 4517; x_wconf 78' lang='lat' dir='ltr'><strong>insonans⁷),</strong></span> <span class='ocrx_word' id='word_1_382' title='bbox 660 4434 694 4495; x_wconf 89' lang='grc'><strong>00</strong></span> <span class='ocrx_word' id='word_1_383' title='bbox 729 4430 895 4494; x_wconf 90' lang='lat' dir='ltr'><strong>dominum</strong></span> <span class='ocrx_word' id='word_1_384' title='bbox 932 4431 1128 4496; x_wconf 85' lang='lat' dir='ltr'><strong>exercituum</strong></span> <span class='ocrx_word' id='word_1_385' title='bbox 1164 4435 1323 4497; x_wconf 87' lang='lat' dir='ltr'><strong>armatum</strong></span> <span class='ocrx_word' id='word_1_386' title='bbox 1358 4430 1596 4496; x_wconf 87' lang='lat' dir='ltr'><strong>conflictantem</strong></span> <span class='ocrx_word' id='word_1_387' title='bbox 1633 4451 1706 4494; x_wconf 90' lang='lat' dir='ltr'><strong>cum</strong></span> <span class='ocrx_word' id='word_1_388' title='bbox 1742 4429 1807 4494; x_wconf 86' lang='lat' dir='ltr'><strong>alio</strong></span> 
     </span>
     <span class='ocr_line' id='line_1_37' title="bbox 426 4535 1808 4603; baseline -0.002 0"><span class='ocrx_word' id='word_1_389' title='bbox 426 4538 567 4603; x_wconf 84' lang='lat' dir='ltr'><strong>exercitu</strong></span> <span class='ocrx_word' id='word_1_390' title='bbox 604 4535 751 4602; x_wconf 87' lang='lat' dir='ltr'><strong>horribili</strong></span> <span class='ocrx_word' id='word_1_391' title='bbox 783 4537 914 4602; x_wconf 88' lang='lat' dir='ltr'><strong>visione.</strong></span> <span class='ocrx_word' id='word_1_392' title='bbox 966 4536 1131 4602; x_wconf 81' lang='lat' dir='ltr'><strong>Johunucs</strong></span> <span class='ocrx_word' id='word_1_393' title='bbox 1166 4537 1286 4602; x_wconf 86' lang='lat' dir='ltr'><strong>elector</strong></span> <span class='ocrx_word' id='word_1_394' title='bbox 1317 4558 1401 4602; x_wconf 88' lang='lat' dir='ltr'><strong>anuo</strong></span> <span class='ocrx_word' id='word_1_395' title='bbox 1436 4535 1485 4602; x_wconf 90' lang='lat'><strong>16.</strong></span> <span class='ocrx_word' id='word_1_396' title='bbox 1509 4535 1694 4601; x_wconf 84' lang='lat' dir='ltr'><strong>Vinmariae</strong></span> <span class='ocrx_word' id='word_1_397' title='bbox 1726 4536 1808 4600; x_wconf 91' lang='lat' dir='ltr'><strong>vidit</strong></span> 
     </span>
    </p>
   </div>
   <div class='ocr_carea' id='block_1_7' title="bbox 426 4642 1808 5242">
    <p class='ocr_par' dir='ltr' id='par_1_8' title="bbox 426 4642 1808 4730">
     <span class='ocr_line' id='line_1_38' title="bbox 426 4642 1808 4730; baseline -0.002 -20"><span class='ocrx_word' id='word_1_398' title='bbox 426 4646 532 4730; x_wconf 86' lang='lat' dir='ltr'><strong>primo</strong></span> <span class='ocrx_word' id='word_1_399' title='bbox 556 4665 706 4730; x_wconf 82' lang='lat' dir='ltr'><strong>magnam</strong></span> <span class='ocrx_word' id='word_1_400' title='bbox 728 4645 860 4709; x_wconf 88' lang='lat' dir='ltr'><strong>rubeam</strong></span> <span class='ocrx_word' id='word_1_401' title='bbox 883 4645 1023 4726; x_wconf 86' lang='lat' dir='ltr'><strong>stellam,</strong></span> <span class='ocrx_word' id='word_1_402' title='bbox 1045 4642 1185 4709; x_wconf 84' lang='lat' dir='ltr'><strong>secundo</strong></span> <span class='ocrx_word' id='word_1_403' title='bbox 1208 4666 1300 4710; x_wconf 87' lang='lat' dir='ltr'><strong>versu</strong></span> <span class='ocrx_word' id='word_1_404' title='bbox 1322 4649 1372 4709; x_wconf 86' lang='lat' dir='ltr'><strong>est</strong></span> <span class='ocrx_word' id='word_1_405' title='bbox 1392 4645 1427 4709; x_wconf 94' lang='lat' dir='ltr'><strong>in</strong></span> <span class='ocrx_word' id='word_1_406' title='bbox 1449 4644 1627 4728; x_wconf 86' lang='lat' dir='ltr'><strong>candelam,</strong></span> <span class='ocrx_word' id='word_1_407' title='bbox 1654 4643 1750 4708; x_wconf 89' lang='lat' dir='ltr'><strong>tertio</strong></span> <span class='ocrx_word' id='word_1_408' title='bbox 1773 4643 1808 4707; x_wconf 91' lang='lat' dir='ltr'><strong>in</strong></span> 
     </span>
    </p>

    <p class='ocr_par' dir='ltr' id='par_1_9' title="bbox 426 4747 1807 4838">
     <span class='ocr_line' id='line_1_39' title="bbox 426 4747 1807 4838; baseline -0.003 -20"><span class='ocrx_word' id='word_1_409' title='bbox 426 4773 565 4835; x_wconf 87' lang='lat' dir='ltr'><strong>crucem,</strong></span> <span class='ocrx_word' id='word_1_410' title='bbox 597 4752 627 4816; x_wconf 89' lang='lat'><strong>4.</strong></span> <span class='ocrx_word' id='word_1_411' title='bbox 650 4749 683 4819; x_wconf 82' lang='lat' dir='ltr'><strong>in</strong></span> <span class='ocrx_word' id='word_1_412' title='bbox 715 4748 764 4819; x_wconf 74' lang='lat' dir='ltr'><strong>ein</strong></span> <span class='ocrx_word' id='word_1_413' title='bbox 793 4748 878 4836; x_wconf 73' lang='lat' dir='ltr'><strong>gelen</strong></span> <span class='ocrx_word' id='word_1_414' title='bbox 909 4747 1001 4838; x_wconf 69' lang='lat' dir='ltr'><strong>licto,</strong></span> <span class='ocrx_word' id='word_1_415' title='bbox 1036 4750 1066 4816; x_wconf 79' lang='lat'><strong>5.</strong></span> <span class='ocrx_word' id='word_1_416' title='bbox 1089 4751 1206 4816; x_wconf 82' lang='lat' dir='ltr'><strong>iterum</strong></span> <span class='ocrx_word' id='word_1_417' title='bbox 1239 4752 1274 4816; x_wconf 93' lang='lat' dir='ltr'><strong>in</strong></span> <span class='ocrx_word' id='word_1_418' title='bbox 1305 4751 1446 4838; x_wconf 87' lang='lat' dir='ltr'><strong>effigiem</strong></span> <span class='ocrx_word' id='word_1_419' title='bbox 1479 4751 1591 4816; x_wconf 87' lang='lat' dir='ltr'><strong>stellae</strong></span> <span class='ocrx_word' id='word_1_420' title='bbox 1627 4749 1807 4814; x_wconf 88' lang='lat' dir='ltr'><strong>confractae</strong></span> 
     </span>
    </p>

    <p class='ocr_par' dir='ltr' id='par_1_10' title="bbox 426 4856 1807 4946">
     <span class='ocr_line' id='line_1_40' title="bbox 426 4856 1807 4946; baseline -0.003 -22"><span class='ocrx_word' id='word_1_421' title='bbox 426 4860 632 4924; x_wconf 88' lang='lat' dir='ltr'><strong>immutatum</strong></span> <span class='ocrx_word' id='word_1_422' title='bbox 656 4862 717 4945; x_wconf 83' lang='lat' dir='ltr'><strong>est3</strong></span> <span class='ocrx_word' id='word_1_423' title='bbox 740 4860 803 4925; x_wconf 90' lang='lat' dir='ltr'><strong>hoc</strong></span> <span class='ocrx_word' id='word_1_424' title='bbox 825 4858 926 4943; x_wconf 91' lang='lat' dir='ltr'><strong>priori</strong></span> <span class='ocrx_word' id='word_1_425' title='bbox 950 4856 1066 4946; x_wconf 80' lang='lat' dir='ltr'><strong>anno⁸)</strong></span> <span class='ocrx_word' id='word_1_426' title='bbox 1088 4861 1162 4923; x_wconf 90' lang='grc'>0000</span> <span class='ocrx_word' id='word_1_427' title='bbox 1186 4859 1387 4945; x_wconf 88' lang='lat' dir='ltr'><strong>evangelium</strong></span> <span class='ocrx_word' id='word_1_428' title='bbox 1405 4858 1509 4923; x_wconf 87' lang='lat' dir='ltr'><strong>visum</strong></span> <span class='ocrx_word' id='word_1_429' title='bbox 1528 4860 1585 4940; x_wconf 88' lang='lat' dir='ltr'><strong>est,</strong></span> <span class='ocrx_word' id='word_1_430' title='bbox 1608 4860 1641 4920; x_wconf 89' lang='lat' dir='ltr'><strong>et</strong></span> <span class='ocrx_word' id='word_1_431' title='bbox 1658 4877 1718 4943; x_wconf 87' lang='lat' dir='ltr'><strong>ego</strong></span> <span class='ocrx_word' id='word_1_432' title='bbox 1737 4860 1807 4920; x_wconf 90' lang='lat' dir='ltr'><strong>tum</strong></span> 
     </span>
    </p>

    <p class='ocr_par' dir='ltr' id='par_1_11' title="bbox 427 4963 1807 5053">
     <span class='ocr_line' id='line_1_41' title="bbox 427 4963 1807 5053; baseline -0.003 -22"><span class='ocrx_word' id='word_1_433' title='bbox 427 4967 581 5052; x_wconf 84' lang='lat' dir='ltr'><strong>temporis</strong></span> <span class='ocrx_word' id='word_1_434' title='bbox 608 4967 767 5051; x_wconf 88' lang='lat' dir='ltr'><strong>applicavi</strong></span> <span class='ocrx_word' id='word_1_435' title='bbox 795 4965 926 5053; x_wconf 87' lang='lat' dir='ltr'><strong>negotio</strong></span> <span class='ocrx_word' id='word_1_436' title='bbox 953 4966 1152 5051; x_wconf 86' lang='lat' dir='ltr'><strong>evangelico,</strong></span> <span class='ocrx_word' id='word_1_437' title='bbox 1184 4965 1270 5050; x_wconf 91' lang='lat' dir='ltr'><strong>quod</strong></span> <span class='ocrx_word' id='word_1_438' title='bbox 1300 4966 1405 5050; x_wconf 89' lang='lat' dir='ltr'><strong>primo</strong></span> <span class='ocrx_word' id='word_1_439' title='bbox 1433 4964 1610 5029; x_wconf 88' lang='lat' dir='ltr'><strong>rubicunde</strong></span> <span class='ocrx_word' id='word_1_440' title='bbox 1637 4963 1807 5047; x_wconf 89' lang='lat' dir='ltr'><strong>oriebatur,</strong></span> 
     </span>
    </p>

    <p class='ocr_par' dir='ltr' id='par_1_12' title="bbox 428 5070 1807 5242">
     <span class='ocr_line' id='line_1_42' title="bbox 428 5070 1807 5157; baseline -0.002 -20"><span class='ocrx_word' id='word_1_441' title='bbox 428 5073 541 5138; x_wconf 87' lang='lat' dir='ltr'><strong>deinde</strong></span> <span class='ocrx_word' id='word_1_442' title='bbox 560 5074 692 5138; x_wconf 88' lang='lat' dir='ltr'><strong>ardebat</strong></span> <span class='ocrx_word' id='word_1_443' title='bbox 710 5074 843 5138; x_wconf 82' lang='lat' dir='ltr'><strong>afferens</strong></span> <span class='ocrx_word' id='word_1_444' title='bbox 863 5094 988 5137; x_wconf 87' lang='lat' dir='ltr'><strong>crucem</strong></span> <span class='ocrx_word' id='word_1_445' title='bbox 1006 5072 1246 5157; x_wconf 87' lang='lat' dir='ltr'><strong>persecutionis,</strong></span> <span class='ocrx_word' id='word_1_446' title='bbox 1263 5073 1392 5137; x_wconf 89' lang='lat' dir='ltr'><strong>tandem</strong></span> <span class='ocrx_word' id='word_1_447' title='bbox 1412 5072 1579 5137; x_wconf 87' lang='lat' dir='ltr'><strong>obfuscata</strong></span> <span class='ocrx_word' id='word_1_448' title='bbox 1597 5070 1807 5137; x_wconf 88' lang='lat' dir='ltr'><strong>seditionibus</strong></span> 
     </span>
     <span class='ocr_line' id='line_1_43' title="bbox 480 5180 1594 5242; baseline -0.004 -10"><span class='ocrx_word' id='word_1_449' title='bbox 480 5186 590 5242; x_wconf 75' lang='grc'>0100000,</span> <span class='ocrx_word' id='word_1_450' title='bbox 605 5187 697 5242; x_wconf 64' lang='lat' dir='ltr'><strong>hortat</strong></span> <span class='ocrx_word' id='word_1_451' title='bbox 711 5187 837 5242; x_wconf 69' lang='grc'>00000000.</span> <span class='ocrx_word' id='word_1_452' title='bbox 1560 5180 1594 5229; x_wconf 68' lang='lat' dir='ltr'><strong>lb</strong></span> 
     </span>
    </p>
   </div>
   <div class='ocr_carea' id='block_1_8' title="bbox 0 0 2340 6100">
    <p class='ocr_par' dir='ltr' id='par_1_13' title="bbox 0 0 2340 6100">
     <span class='ocr_line' id='line_1_44' title="bbox 0 0 2340 6100; baseline 0 0"><span class='ocrx_word' id='word_1_453' title='bbox 0 0 2340 6100; x_wconf 95' lang='lat' dir='ltr'><strong> </strong></span> 
     </span>
    </p>
   </div>
  </div>
 </body>
</html>
