4667 6109
481 684 533 745 nr.
548 686 618 754 404,
632 686 691 742 400
954 687 982 742 2.
1001 685 1044 746 tls
1064 687 1112 744 17.
1132 685 1296 760 &tutantur
1316 687 1393 746 1540
1798 690 1864 757 215

694 850 777 921 401.
810 849 938 938 neu)
963 853 1177 920 remum.

570 975 618 1042 ‘Is
640 977 747 1061 habet,
770 978 875 1063 inquit
897 976 1028 1062 Ductor,
1051 978 1152 1044 bonas
1175 978 1359 1063 sententias,
1383 978 1527 1044 sednon
1551 979 1629 1044 citat
1652 1002 1704 1045 eas
1727 981 1762 1045 in
1784 980 1867 1065 loco,

480 1088 529 1148 nt:
556 1082 634 1168 „Sic
657 1086 723 1149 vita
745 1088 795 1151 est
816 1082 1040 1173 hominum¹)“
1068 1085 1204 1171 insignis
1229 1090 1279 1150 est
1305 1086 1476 1168 sententia,
1505 1087 1560 1150 sed
1583 1087 1803 1152 accommodat
1826 1089 1866 1153 ad

480 1192 653 1276 licentiam,
671 1214 744 1257 cum
764 1192 802 1257 de
820 1194 894 1257 lusu
913 1198 969 1258 est.
1007 1191 1061 1257 Sic
1080 1214 1161 1276 quae
1179 1190 1386 1279 praeceditll:
1408 1192 1501 1276 „Duo
1520 1213 1593 1257 oum
1612 1193 1696 1257 idem
1715 1195 1864 1260 faciunt.“

480 1297 568 1363 Haec
587 1299 695 1363 omnia
713 1298 752 1364 de
769 1299 899 1364 licentia
918 1300 1008 1384 dixit,
1029 1300 1084 1365 sed
1101 1299 1164 1365 hoc
1182 1300 1313 1365 nornine
1331 1301 1444 1365 erratis
1460 1301 1557 1387 longe
1576 1323 1648 1366 mea
1665 1299 1867 1389 sententia4),

479 1428 554 1470 nam
577 1404 706 1471 licentia
728 1427 794 1471 non
812 1411 888 1471 sunt
910 1406 1063 1491 perdendi
1085 1406 1187 1491 liberi,
1210 1411 1242 1473 et
1261 1406 1415 1473 Salomon
1438 1408 1602 1493 praecipit,
1625 1412 1661 1473 ut
1684 1409 1774 1495 virga
1797 1412 1865 1475 uta·

479 1509 591 1598 mur⁶).
638 1511 742 1589 Quare
764 1514 921 1579 rationem
950 1511 1051 1601 ejusl)
1079 1513 1350 1602 educandoruml)
1378 1536 1444 1580 non
1468 1516 1579 1600 probo.
1624 1512 1717 1580 Alter
1738 1516 1866 1582 ridetur

479 1620 557 1685 mihi
581 1642 650 1685 esse
673 1620 801 1705 melior,
823 1620 1043 1708 Menedemus,
1067 1622 1213 1706 quamvis
1236 1619 1475 1709 aliquomodo⁸)
1499 1627 1548 1688 est
1570 1624 1786 1707 truculentae,
1809 1624 1865 1689 sed

478 1728 607 1815 mitigat
629 1731 746 1812 tamen,
768 1749 842 1794 oum
864 1750 914 1794 res
937 1730 1102 1813 postulat?

567 1867 649 1923 ooth.
665 1869 695 1922 Β.
712 1875 771 1937 ma,
786 1874 828 1924 aa.

569 2015 594 2075 1)
613 2000 680 2068 [lbet
698 2011 740 2068 tie
757 2011 846 2069 britto
861 2011 964 2070 britta
978 2010 1063 2068 nitio
1081 2013 1136 2068 unt
1150 2012 1322 2069 lltmetsmua
1341 2013 1391 2082 ont.
1410 2012 1458 2069 sn.
1474 2016 1534 2079 041,
1550 2018 1591 2066 aa.
1622 2042 1654 2052 —
1684 2015 1711 2082 2)
1729 2012 1863 2083 lteram,

481 2100 634 2169 Adelphos.
668 2106 724 2167 4,7
744 2103 808 2171 (21).
845 2100 905 2158 Dus
924 2100 997 2158 titur
1016 2101 1124 2171 haurit,
1144 2101 1194 2171 out
1213 2100 1309 2172 §latter
1328 2101 1387 2170 aad
1406 2100 1460 2171 tier
1479 2100 1544 2170 nitu
1563 2106 1614 2156 uus
1632 2103 1689 2158 tear
1708 2102 1786 2171 bath,
1805 2102 1863 2171 loru

480 2192 541 2246 bern
560 2196 611 2246 uns
630 2191 686 2246 tau
700 2189 857 2259 detentus
876 2190 959 2247 attint
977 2192 1028 2262 tut.
1065 2223 1097 2230 -
1133 2192 1159 2260 0)
1177 2191 1283 2262 terena,
1302 2207 1325 2246 u.
1346 2207 1369 2246 u.
1390 2190 1422 2247 D.
1461 2197 1486 2257 5,
1506 2197 1521 2243 3
1541 2193 1604 2260 (st).
1640 2223 1673 2230 —
1711 2194 1737 2259 4)
1756 2190 1862 2262 tame,

480 2278 599 2335 uuo
622 2284 678 2347 1,1
701 2281 764 2349 (4ο).
798 2311 831 2319 -
864 2283 891 2348 s)
911 2279 988 2333 Prov.
1011 2285 1052 2345 1s,
1072 2285 1113 2334 aa.
1153 2313 1186 2321 -
1226 2283 1252 2345 e)
1276 2280 1335 2335 scil.
1355 2279 1491 2334 alitionis.
1528 2312 1559 2320 -
1595 2279 1726 2351 naoth.
1746 2281 1776 2334 Β.
1798 2286 1862 2335 ma:

480 2371 512 2435 -Ι-
532 2367 691 2422 liberorum.
730 2401 763 2408 -
801 2367 1043 2438 8)5mdunlos:
1063 2369 1209 2424 aliusnon
1229 2370 1327 2438 modo;
1345 2370 1406 2424 Par.
1427 2367 1524 2441 rtdrttg.

695 2548 777 2617 402.
810 2550 921 2617 Bonos
943 2551 1076 2616 bellator.

564 2674 723 2740 Dominus
750 2675 920 2761 Philippus
928 2674 952 2764 ¹)
986 2676 1079 2741 dixit:
1110 2675 1244 2762 ,Bonus
1276 2676 1413 2741 bellator
1444 2678 1568 2742 mavult
1600 2678 1701 2741 civem
1729 2697 1864 2760 servare,

476 2805 572 2866 quam
600 2784 689 2847 mille
718 2782 825 2848 hostes
854 2784 1005 2848 occidere.
1051 2782 1155 2860 Quare
1182 2805 1276 2848 nemo
1306 2783 1495 2848 bellatorum
1528 2784 1665 2849 libenter
1697 2788 1864 2869 oppugnat

475 2890 570 2954 urbes
593 2912 652 2954 nec
675 2890 821 2976 confligit
844 2895 962 2955 temere
985 2891 1046 2954 nisi
1069 2892 1105 2954 in
1127 2912 1252 2955 summa
1275 2891 1473 2974 necessitate,
1495 2890 1528 2955 id
1551 2890 1637 2975 qnod
1660 2890 1805 2955 videmus
1828 2890 1863 2955 in

477 2997 606 3079 optimis
614 2994 639 3082 ³)
660 2996 809 3060 omnibus
828 2998 1083 3080 imperatoribus.
1126 2996 1206 3062 Qum
1227 2994 1538 3084 Virtenbergensis³)
1560 2998 1656 3062 vellet
1675 3019 1862 3083 oppugnare

475 3103 612 3188 patriam
644 3126 748 3169 meam
781 3102 940 3188 Brettam,
972 3105 1199 3191 interrogavit,
1232 3109 1352 3189 quanta
1384 3104 1473 3169 clade
1505 3104 1645 3169 militum
1678 3105 1755 3168 urbs
1790 3106 1861 3189 capi

475 3215 595 3294 posset,
618 3211 841 3295 respondetur:
864 3210 938 3294 „Ad
961 3210 1054 3275 500.“
1099 3209 1161 3276 Sed
1185 3213 1289 3277 noluit
1311 3211 1442 3296 perdere
1465 3215 1515 3275 tot
1538 3211 1664 3276 milites.
1712 3209 1765 3276 Sic
1788 3233 1861 3275 cum

476 3304 696 3405 Alphonsus4)
721 3318 882 3383 obsideret
900 3316 1051 3402 Oajetanr,
1075 3319 1249 3384 emiserunt
1272 3341 1311 3384 ex
1334 3318 1413 3383 urbe
1433 3340 1532 3403 senes,
1555 3339 1680 3403 pueros,
1703 3318 1862 3401 mulieres,

475 3430 512 3490 ut
534 3429 705 3490 exonerata
728 3425 857 3490 civitate
881 3425 1001 3490 diutius
1025 3447 1058 3490 se
1082 3425 1165 3490 alere
1188 3431 1326 3510 possent.
1373 3422 1424 3490 lbi
1447 3425 1660 3508 consultatur,
1687 3425 1764 3510 quid
1788 3447 1861 3490 cum

475 3532 605 3596 imbella
627 3532 833 3597 multitudine
856 3529 919 3619 (Bl.
939 3530 996 3619 38)
1022 3531 1179 3618 agendum
1205 3533 1255 3597 sit.
1301 3530 1387 3597 Olim
1411 3531 1569 3597 sententia
1592 3536 1673 3615 erat,
1699 3553 1768 3597 esse
1795 3536 1861 3596 tru-

476 3639 635 3705 cidandos.
682 3638 736 3703 Sic
758 3643 926 3723 permonet
950 3637 1132 3723 cajetanos,
1159 3642 1192 3703 et
1220 3639 1392 3704 historicus
1420 3635 1520 3726 ipse⁵)
1548 3639 1595 3704 sio
1617 3639 1656 3703 de
1679 3660 1712 3704 se
1735 3638 1860 3704 scribit:

472 3745 606 3830 „Parcet
635 3746 714 3811 mihi
743 3746 843 3811 Deusl
880 3745 951 3832 Ego
982 3746 1066 3810 idem
1096 3745 1271 3811 consului.“
1320 3744 1364 3811 At
1391 3769 1448 3812 rex
1480 3750 1568 3811 stans
1600 3746 1860 3812 meditabundus:

472 3851 583 3939 „Ego,
618 3854 738 3937 inquit,
773 3858 879 3918 totum
911 3874 1045 3939 regnum
1077 3851 1327 3938 Neapolitanum
1364 3874 1430 3918 non
1461 3875 1599 3918 emerem
1632 3856 1723 3918 tanta
1753 3857 1860 3940 strage

473 3960 692 4024 innocentium
719 3959 914 4025 hominum.“
959 3958 1064 4036 Quare
1096 3959 1204 4025 addita
1237 3960 1382 4025 custodia
1413 3960 1526 4025 deduci
1554 3960 1652 4044 jussit
1683 3960 1724 4024 ad
1754 3962 1860 4026 vicina

475 4066 593 4151 oppida
624 4067 921 4150 commendavitque
958 4088 1012 4132 eos
1044 4067 1157 4131 vicinis
1190 4072 1222 4132 et
1254 4067 1362 4151 petiit,
1397 4072 1434 4131 ut
1469 4071 1634 4150 tamquam
1667 4068 1751 4132 cives
1783 4090 1859 4133 suos

474 4177 655 4237 treatment.
693 4171 762 4249 Qua
781 4174 950 4238 clementia
967 4175 1049 4238 moti
1068 4172 1211 4259 Cajetani
1234 4174 1343 4239 statim
1362 4173 1506 4239 fecerunt
1524 4173 1718 4239 deditionem
1725 4172 1762 4259 ⁶).
1796 4173 1858 4240 Sed

473 4280 726 4365 Maximilianus,
754 4278 805 4348 ber
829 4279 880 4363 bot
903 4278 950 4347 bia
973 4278 1036 4347 [eut
1058 4278 1127 4365 ring
1151 4295 1304 4367 genuum,
1333 4280 1389 4348 nis
1412 4280 1480 4366 eust
1505 4279 1574 4366 bert
1596 4278 1780 4368 peiutitt'),
1807 4280 1860 4349 ber

474 4385 589 4469 matula,
608 4386 659 4455 ber
678 4384 877 4472 lunbtshuttt
896 4386 1051 4473 mutum),
1071 4386 1123 4455 tet
1140 4386 1217 4455 lette
1235 4385 1314 4473 norb.
1353 4386 1433 4453 Cum
1451 4387 1691 4454 Maximilianus
1710 4388 1858 4473 auffisset,

473 4494 649 4578 Helvetios,
672 4496 727 4578 qui
746 4495 806 4560 sub
825 4494 894 4578 ipso
902 4492 928 4582 ⁹)
948 4494 1140 4579 militabant,
1161 4496 1202 4560 ad
1220 4495 1436 4561 Mediolanum
1447 4493 1485 4583 ¹⁰)
1504 4496 1593 4561 fusos
1613 4518 1690 4579 esse,
1707 4497 1856 4561 nuntium

473 4602 595 4685 accepit
619 4599 819 4685 Statgardiae
842 4607 874 4667 st
896 4602 1065 4688 insigniter
1086 4602 1223 4667 laetatus
1247 4604 1375 4669 vocant
1397 4604 1437 4668 ad
1459 4625 1493 4668 se
1516 4600 1804 4689 Reuoblinum¹¹).“

562 4723 648 4778 Man.
664 4722 698 4777 N.
714 4728 762 4790 am
781 4722 862 4779 ooth.
878 4724 908 4780 Β,
926 4730 985 4790 ma,
1002 4724 1084 4790 rosa
1103 4722 1183 4794 corp.
1198 4724 1260 4778 Rsf.
1274 4729 1318 4792 so,
1333 4729 1384 4779 sao
1404 4725 1461 4796 (su.
1478 4727 1548 4795 no).

563 4871 588 4936 1)
607 4866 665 4924 tssta
683 4873 734 4923 aas
753 4868 800 4925 sa.
815 4872 867 4922 403
886 4867 1048 4938 tauutgstt,
1073 4879 1127 4923 nar
1145 4866 1292 4938 lltattaltuss
1311 4867 1351 4924 brt
1369 4868 1553 4938 bleluudtbou
1572 4882 1604 4938 gu
1622 4865 1705 4936 ἵίὶᾰ),
1726 4868 1794 4938 nott
1812 4884 1855 4924 um

472 4956 542 5027 Iege
557 4969 604 5012 our
618 4959 674 5014 tem
689 4957 934 5029 lJtugittsttgamem
952 4958 998 5014 ltr.
1010 4962 1070 5026 404,
1081 4963 1104 5010 a.
1138 4956 1193 5013 Der
1203 4956 1278 5026 brist
1288 4956 1368 5026 (torp.
1378 4957 1439 5011 Ref.
1450 4963 1475 5025 4,
1486 4962 1546 5022 aas,
1558 4956 1587 5012 iu
1601 4957 1657 5012 tem
1671 4956 1856 5028 lltsluncbtton

473 5046 520 5102 oen
534 5046 708 5117 finalmente!
726 5047 775 5104 mit
788 5047 935 5120 4000404000
954 5047 1003 5103 mit
1016 5048 1064 5103 otu
1078 5045 1186 5103 &aaran
1201 5045 1320 5119 litgium:
1338 5045 1400 5100 Etsi
1418 5045 1496 5100 nulla
1513 5045 1583 5100 mihi
1601 5044 1735 5115 privatim
1752 5046 1856 5102 notitia
