4667 6109
540 685 604 750 194
935 680 1097 753 stettein,
1116 680 1170 742 tte
1188 680 1342 753 itteram
1361 690 1416 742 tes
1434 680 1511 739 154⁰
1698 679 1751 740 stt.
1765 677 1923 739 tte-84⁰

537 848 635 914 habet
661 870 771 914 verum
800 848 930 914 modum
958 847 1170 933 praedicandi.
1217 824 1321 924 Quare
1343 846 1477 934 dignum
1501 850 1598 930 esset,
1625 849 1663 911 ut
1684 845 1858 911 memoriae
1880 844 1925 941 ab

539 956 686 1021 omnibus
708 955 894 1021 hominibus
917 954 1140 1021 mandaretur?

627 1077 736 1131 *Maon
751 1077 780 1132 L.
800 1076 877 1135 &rite
890 1082 951 1132 491.
972 1108 1005 1117 -
1024 1076 1112 1132 Math.
1128 1076 1162 1130 N.
1180 1081 1244 1143 146;
1264 1074 1531 1144 coenerosam
1550 1075 1624 1130 Hira.
1641 1075 1716 1131 122⁶.

630 1222 656 1289 1)
674 1220 749 1279 &rite
763 1224 814 1275 491
834 1220 900 1293 picit
918 1219 974 1277 oia
988 1218 1065 1279 eros
1081 1220 1142 1289 aad
1162 1219 1212 1277 urit
1230 1217 1278 1276 ar.
1294 1224 1435 1274 ete-³86
1454 1219 1484 1277 tc
1501 1219 1558 1276 ctae
1571 1219 1671 1290 etesiae
1684 1219 1754 1276 ticet
1767 1218 1924 1290 puteum.

752 1398 836 1467 338.
872 1399 1057 1479 &thedom
1080 1399 1185 1465 bettio.

629 1523 764 1602 Quidam
789 1525 883 1590 dixit:
905 1524 1062 1609 „Domine
1080 1524 1212 1610 Doctor,
1235 1524 1424 1612 neophyti¹)
1445 1526 1511 1610 jam
1536 1525 1649 1612 legunt
1672 1524 1868 1590 orthodoxos
1891 1528 1926 1590 et

539 1631 696 1697 invehunt
727 1632 843 1697 iterum
876 1632 910 1696 in
942 1631 1106 1698 ecclesiam
1140 1631 1258 1697 multas
1285 1632 1533 1698 distinctiones.“
1583 1632 1762 1718 Respondit
1789 1631 1926 1697 Doctor:

539 1737 617 1823 ‘Sici
645 1736 684 1823 ite
711 1756 771 1807 cut
798 1737 888 1824 [cient
933 1735 995 1806 &ie
1021 1737 1141 1807 auten
1167 1736 1229 1807 roci
1256 1736 1354 1823 tehen,
1382 1746 1448 1807 iace
1477 1737 1516 1823 tie
1539 1737 1653 1821 fineen,
1682 1737 1750 1825 noa
1773 1736 1868 1824 {dett
1891 1744 1926 1806 es

539 1844 623 1932 citit
666 1844 748 1915 aba
771 1843 818 1914 tie
840 1846 942 1911 biblia
965 1843 1000 1928 iit
1023 1843 1081 1913 tce
1103 1843 1195 1931 redte
1217 1843 1296 1931 batt,
1320 1844 1358 1913 tc
1381 1844 1453 1929 [tete
1476 1845 1521 1913 cil
1544 1844 1643 1927 tieret,
1666 1845 1729 1914 aab
1752 1863 1824 1914 mou
1847 1843 1927 1929 tiatt

540 1950 598 2020 uile
625 1958 676 2039 top
704 1957 812 2020 etant
840 1959 933 2021 neces
957 1950 1094 2021 betunen.
1140 1949 1196 2038 Sidi
1220 1950 1278 2037 tub
1301 1952 1387 2038 anta
1411 1953 1452 2017 28
1476 1950 1537 2036 jot,
1566 1950 1645 2037 iirbt
1667 1950 1709 2037 ic
1731 1951 1856 2018 Doctor
1878 1970 1926 2038 pe

539 2057 632 2143 aeica
655 2057 749 2147 bino,
772 2056 856 2145 itetig
879 2057 913 2127 ic
936 2057 988 2126 tet
1010 2059 1111 2125 biblia
1133 2056 1246 2145 petetea
1269 2057 1331 2128 aab
1355 2057 1451 2127 trous
1475 2057 1652 2145 cotetae,
1675 2058 1743 2144 tort)
1765 2056 1818 2127 bia
1837 2056 1927 2145 istit

539 2165 616 2252 citit
643 2165 784 2253 qeauttig
812 2164 874 2234 unt
902 2164 980 2249 ficit
1007 2165 1077 2252 nott
1105 2164 1164 2234 olle
1187 2172 1238 2252 tuq
1262 2172 1370 2235 ettmcs
1393 2173 1486 2234 neces
1510 2163 1647 2234 brincec.
1692 2165 1926 2232 Distinctiones

540 2271 611 2341 ubet
634 2270 707 2358 urai
730 2291 803 2341 mcc
826 2274 861 2338 in
884 2272 1017 2339 eeclesia
1039 2271 1148 2358 beben,
1172 2272 1241 2359 toti)
1264 2272 1321 2341 mit
1344 2271 1476 2357 mciieu?

630 2394 718 2451 Math.
737 2395 771 2450 N.
792 2400 851 2450 14⁹1.

630 2542 657 2610 1)
679 2537 755 2608 sert:
775 2537 911 2608 neophiti.
950 2568 983 2578 -
1020 2538 1047 2608 2)
1070 2536 1215 2608 Ωῠῇῑίπὶ,
1236 2542 1294 2593 108.

756 2716 838 2786 339.
870 2717 944 2784 Duo
961 2720 1126 2802 principie
1149 2717 1451 2805 Manichaeomm¹).

631 2842 767 2922 Quidam
806 2843 899 2908 dixit:
942 2841 1099 2928 „Domine
1136 2843 1272 2928 Doctor,
1307 2865 1365 2909 vos
1401 2843 1483 2908 bene
1519 2842 1679 2928 complexi
1716 2843 1793 2909 estis
1830 2848 1929 2928 caput

542 2953 593 3017 24.
612 2950 781 3017 Matthaei:
804 2950 1023 3015 Homicidium
1047 2955 1079 3016 et
1097 2951 1298 3016 mendacium
1317 2951 1553 3037 regnaturum.“
1593 2950 1772 3035 Respondit
1789 2949 1928 3017 Doctor:

542 3056 623 3127 ‘eac
647 3056 700 3126 tan
722 3075 795 3125 mcc
818 3056 875 3125 tec
897 3055 1018 3141 tectis!
1042 3054 1133 3140 beitet
1156 3057 1266 3142 meten!
1290 3056 1367 3124 benc
1390 3054 1447 3124 tote
1471 3054 1667 3142 indictitiis
1691 3056 1819 3143 comolet
1842 3055 1927 3141 bctt'

545 3203 582 3213 -
612 3163 695 3231 Tum
723 3166 790 3230 iile:
821 3164 891 3250 „Ex
918 3165 1057 3250 propriis
1085 3164 1257 3249 loquitur.“
1306 3161 1402 3242 ‘Quid
1429 3164 1561 3251 igituri'
1595 3164 1678 3229 dixit
1704 3164 1839 3249 Doctor‚
1869 3165 1930 3230 ‘re-

542 3272 763 3358 spondendum
791 3275 840 3338 est
867 3272 907 3337 ad
935 3272 998 3336 duo
1020 3272 1179 3357 principia
1201 3270 1482 3338 Manichaeorum?
1507 3309 1550 3317 —
1574 3269 1628 3356 „si
1651 3270 1808 3337 Diabolus
1831 3293 1870 3337 ex
1894 3293 1929 3336 se

542 3379 645 3445 malus
678 3379 765 3444 est'?“
814 3378 897 3444 Tum
927 3377 1060 3445 Doctor:
1095 3378 1193 3444 ‘Bene
1225 3378 1347 3444 dictum
1379 3383 1440 3462 est,
1473 3400 1541 3443 esse
1573 3378 1636 3443 duo
1668 3379 1839 3464 principia,
1872 3379 1929 3443 sed

542 3486 721 3552 Manichaei
753 3486 787 3550 in
818 3485 880 3551 hoc
911 3491 1031 3571 errant,
1062 3488 1149 3570 quod
1176 3485 1300 3571 dicunt,
1332 3508 1370 3550 ea
1396 3486 1555 3570 principia
1582 3506 1650 3551 esse
1678 3489 1814 3552 aeterna.
1865 3482 1929 3551 Sed

542 3593 678 3659 alterum
701 3594 821 3677 incepit
843 3615 916 3657 oum
939 3591 1097 3658 Diabolo.'
1121 3630 1166 3640 -
1189 3591 1271 3657 Tum
1294 3593 1410 3659 iterum
1434 3592 1528 3657 alter:
1560 3592 1672 3677 „Unde
1694 3594 1794 3679 igitur
1816 3592 1931 3659 didicit

542 3699 699 3765 Diabolus
727 3700 816 3764 iilam
843 3699 1040 3764 malitiam?“
1088 3698 1266 3784 Respondit
1292 3698 1427 3764 Doctor:
1461 3698 1648 3764 ‘Aversione
1676 3722 1696 3764 a
1722 3698 1805 3784 Deo,
1832 3703 1869 3764 ut
1896 3706 1930 3764 et

542 3807 639 3873 hodie
656 3806 808 3872 haeretici
827 3807 931 3872 nostri
949 3806 1069 3892 statim,
1087 3829 1184 3891 quam
1203 3828 1222 3870 a
1237 3804 1365 3870 Christo
1385 3805 1545 3890 deficiunt,
1563 3806 1647 3870 fiunt
1665 3828 1812 3891 perverse
1831 3806 1930 3872 mali’

636 3967 661 4035 1)
685 3964 826 4035 &sitien
845 3962 941 4036 tutent
959 3966 1003 4021 cle
1021 3962 1264 4035 ffitdentiitotitet.
1302 3968 1362 4019 271.

759 4142 842 4212 340.
875 4146 931 4212 Aa
948 4146 1051 4212 uec
1068 4145 1162 4210 diem
1175 4146 1303 4227 precari
1325 4145 1448 4211 oesiam
1467 4144 1573 4211 dcem
1589 4145 1629 4210 ab
1647 4166 1688 4224 eo,
1711 4147 1766 4228 qui
1784 4144 1930 4211 locem?

633 4268 730 4354 ‘Nom
752 4269 859 4354 inquit
881 4268 1011 4354 Ductor,
1033 4291 1108 4334 nam
1131 4268 1165 4333 id
1188 4291 1291 4353 neque
1314 4267 1461 4335 Christus
1483 4270 1640 4355 praecipit
1661 4292 1721 4335 nec
1743 4270 1828 4355 fecit,
1851 4270 1930 4335 alias

546 4381 667 4443 orasset
699 4376 796 4441 etiam
828 4376 978 4442 Pilatum,
1029 4373 1114 4441 Satis
1146 4379 1209 4461 est,
1241 4377 1268 4441 si
1300 4381 1349 4442 est
1380 4378 1582 4444 consentiens
1615 4378 1648 4442 in
1681 4400 1739 4443 suo
1771 4378 1866 4443 corde
1898 4382 1931 4443 et

545 4490 676 4572 rogetus
698 4483 836 4549 libenter
856 4484 994 4549 remittit
1016 4484 1143 4568 culpem
1162 4487 1196 4549 et
1214 4488 1285 4549 orat
1303 4506 1360 4569 pro
1380 4506 1426 4550 eo.
1467 4482 1552 4549 Nam
1572 4506 1632 4571 ego
1652 4485 1739 4550 volui
1757 4484 1930 4568 aliquando

546 4614 637 4658 orare
669 4613 721 4657 me
746 4591 908 4657 laedentes
935 4589 1121 4677 Agricolam
1148 4594 1182 4655 et
1207 4589 1433 4657 Hieronimum
1441 4589 1480 4679 ¹),
1511 4591 1566 4657 sed
1594 4591 1724 4676 accidit,
1755 4596 1792 4656 ut
1818 4595 1932 4657 neuter

546 4699 634 4765 domi
657 4702 748 4764 esset
794 4696 898 4774 Quare
921 4719 1007 4763 nunc
1029 4695 1099 4762 Deo
1122 4697 1242 4784 gratias
1264 4721 1336 4785 ago,
1360 4699 1446 4783 quod
1468 4722 1534 4764 non
1557 4699 1678 4764 factum
1701 4700 1770 4764 est'

590 4834 592 4839 ·
634 4804 732 4890 „Tam
749 4805 854 4870 bonus
872 4826 967 4870 nemo
986 4809 1043 4889 est,
1066 4805 1145 4888 quin
1163 4804 1359 4890 maledicat‘‚
1382 4810 1451 4871 tum
1471 4827 1531 4894 ego
1550 4806 1704 4884 dicebam,
1724 4806 1930 4891 „praesertim

546 4916 720 4998 laesorum,
751 4916 784 4977 et
816 4913 1020 4997 impatienter
1051 4912 1146 4995 ferat,
1179 4912 1253 4978 odio
1285 4911 1527 5000 persequatur-²)
1554 4913 1761 4977 laedentem.“
1809 4911 1933 4978 Doctor

546 5020 724 5106 respondit:
753 5017 806 5095 ‘ite
834 5021 938 5087 teuc!
983 5018 1069 5104 {tut
1097 5017 1178 5086 ciaet
1205 5018 1336 5105 anteat,
1363 5019 1394 5106 to
1419 5018 1493 5106 aab
1518 5038 1549 5087 er
1572 5018 1642 5107 oud)
1666 5017 1819 5089 betunen.
1865 5018 1932 5089 &⁰1
