4667 6109
473 700 538 765 124
870 696 1032 769 letiense,
1052 698 1105 760 tlt
1125 698 1278 770 timenter
1297 707 1350 759 aar
1369 698 1446 758 154⁰
1633 699 1853 759 mitt-158

687 861 767 932 ree.
801 863 932 931 comte
956 864 1133 930 resume
1155 870 1184 930 e
1206 860 1404 951 anenno.

560 986 687 1054 ‘Cicero
711 994 760 1054 est
782 990 885 1054 multo
909 990 1033 1054 doctior
1055 988 1230 1054 Aristotele
1257 994 1290 1055 et
1318 991 1484 1074 perspicue
1513 1012 1570 1055 sua
1598 991 1699 1056 docet.
1745 990 1852 1055 Philo-

471 1097 616 1181 sophiam
640 1096 721 1161 bone
741 1096 859 1180 docuit,
882 1096 936 1161 sed
956 1096 1071 1181 officia,
1094 1094 1151 1163 bct
1171 1095 1206 1182 iu
1225 1094 1273 1163 ein
1292 1094 1402 1181 teuto
1422 1094 1504 1182 burh!
1538 1096 1572 1162 Si
1592 1119 1651 1183 ego
1670 1098 1853 1162 adolescens

471 1225 583 1288 essem,
606 1204 743 1269 dicarem
767 1226 818 1268 me
841 1201 995 1287 Ciceroni,
1019 1204 1073 1268 sed
1096 1203 1224 1268 firmato
1247 1202 1386 1290 tamem)
1406 1204 1529 1289 judicio
1552 1206 1585 1270 in
1610 1207 1707 1271 sacris
1729 1205 1853 1271 merie?

560 1342 647 1399 unu.
667 1342 701 1399 u.
717 1349 764 1413 ea,
784 1342 864 1398 oon.
880 1343 910 1398 B.
928 1348 988 1411 sae,
1002 1348 1050 1410 4e;
1069 1342 1142 1397 unz.
1159 1342 1238 1410 noe
1256 1341 1345 1397 enea.
1363 1347 1422 1397 ne.

562 1489 588 1556 1)
606 1487 639 1545 l).
659 1486 694 1545 o.
713 1485 866 1558 suein,
885 1484 996 1557 tumere
1010 1485 1201 1555 ffielcnnttdpctt
1219 1485 1269 1543 mit
1287 1487 1335 1542 ten
1350 1486 1420 1541 alten
1433 1484 1579 1555 ttlctttlem.
1605 1492 1646 1541 13.
1673 1519 1706 1528 -
1732 1489 1760 1556 a)
1779 1485 1853 1543 Pan:

470 1594 557 1647 priua.

686 1682 767 1753 156.
798 1685 850 1753 De
871 1685 1046 1769 uetrolopio.

559 1810 631 1897 Ego
655 1812 735 1875 dixi:
756 1810 866 1895 „Foris
889 1812 972 1875 nihil
994 1805 1145 1896 habent¹)
1170 1811 1349 1896 argumenti
1374 1832 1432 1894 pro
1455 1812 1630 1895 astrologia
1651 1811 1713 1877 nisi
1737 1815 1856 1877 autori-

471 1923 569 1983 tatem
594 1917 764 2003 Philippi.“
810 1917 891 1982 Tum
917 1917 1050 1983 Doctor:
1079 1917 1166 2004 ‘Ego
1195 1940 1289 2001 saepe
1318 1918 1479 1983 confutavi
1503 1916 1689 2003 Philippum
1721 1920 1765 1983 ita
1792 1922 1856 1984 evi-

472 2026 595 2109 denter,
623 2029 660 2090 ut
682 2026 813 2090 diceret:
845 2024 951 2110 „Haec
974 2026 1103 2109 quidem
1127 2026 1176 2089 vis
1201 2026 1284 2089 est!“
1328 2023 1374 2089 Et
1395 2026 1561 2102 consessit,
1588 2048 1656 2090 esse
1679 2027 1855 2111 seientiam,

471 2134 526 2198 sed
550 2156 647 2217 quam
670 2135 732 2218 ipsi
755 2155 821 2198 non
845 2137 982 2197 teneant.
1024 2131 1128 2209 Quare
1151 2154 1212 2219 ego
1236 2154 1305 2197 sum
1326 2136 1503 2211 contentus,
1526 2133 1553 2197 si
1572 2155 1638 2198 non
1656 2137 1766 2199 tenent
1784 2157 1854 2199 eam

470 2245 586 2326 artem3
609 2238 639 2325 fo
663 2238 716 2323 [ct
740 2238 780 2325 id)
805 2238 837 2308 ln
860 2238 955 2307 benit
978 2237 1081 2324 tollen.
1127 2238 1208 2304 Mihi
1232 2261 1326 2304 nemo
1350 2240 1561 2324 persuadebit,
1584 2263 1658 2305 nem
1682 2262 1741 2327 ego
1760 2241 1856 2308 facile

471 2370 603 2433 possum
632 2352 772 2413 evertere
800 2351 943 2433 ipsorum
971 2348 1200 2431 experientiam
1230 2347 1483 2411 incertissimam.
1530 2345 1651 2413 Saltem
1675 2348 1855 2431 observant,

472 2478 553 2539 quae
577 2457 794 2539 consentiunt,
818 2478 898 2539 quire
916 2456 1043 2538 fallunt,
1066 2458 1277 2539 praetereunt,
1320 2453 1366 2523 &ss
1390 2472 1459 2539 mag
1483 2451 1564 2521 einer
1581 2452 1612 2539 lo
1632 2452 1704 2541 lang
1723 2454 1854 2539 wetsten,

472 2582 504 2631 et
526 2561 622 2647 mittit
645 2560 713 2647 cuti)
739 2560 786 2629 ein
810 2561 965 2627 Venerem
974 2560 1011 2649 ⁸),
1034 2563 1089 2627 sed
1112 2582 1188 2626 casu
1211 2563 1256 2627 fit.
1304 2560 1350 2630 tt
1374 2558 1409 2643 io
1433 2559 1481 2629 ein
1505 2558 1659 2629 erectum
1682 2561 1742 2629 iter
1765 2560 1859 2646 furit.

473 2668 604 2758 &einch
627 2668 726 2738 tintet
746 2667 842 2755 [poten
865 2668 923 2736 cfle
945 2671 1055 2735 lunam
1079 2666 1344 2745 combustam⁴tP

563 2826 805 2899 presentet.
844 2860 876 2867 -
915 2832 942 2897 2)
966 2828 1069 2896 deust,
1094 2828 1130 2884 im
1150 2826 1313 2896 tsstrteliptel
1332 2828 1375 2884 ter
1394 2827 1540 2898 qltdlidrtte
1559 2827 1648 2895 lturt,
1672 2828 1711 2885 tei
1730 2830 1786 2885 tem
1806 2831 1856 2885 olle

473 2919 573 2987 11ῆή11
592 2918 744 2987 oertdtetne
763 2917 862 2988 Butler
882 2917 976 2987 pigre.
1010 2950 1042 2956 -—
1077 2922 1103 2986 3)
1123 2916 1156 2973 Q.
1176 2917 1194 2972 l.
1215 2916 1422 2988 melundenses.
1452 2949 1485 2956 -
1518 2921 1546 2985 4)
1566 2915 1732 2971 combustus
1751 2918 1855 2973 dieitur

471 3007 595 3077 planeta,
616 3025 678 3061 cum
698 3023 715 3060 a
734 3006 792 3061 sole
810 3007 874 3076 plus
893 3006 1009 3060 minutis
1030 3013 1070 3060 16.
1091 3006 1187 3072 dietat,
1207 3005 1299 3060 minus
1317 3022 1382 3061 vero
1400 3006 1553 3061 medietate
1572 3006 1615 3060 sui
1630 3005 1712 3061 orbis.
1739 3007 1770 3076 3.
1786 3008 1854 3065 dtur:

473 3104 558 3165 secut,
578 3096 756 3168 Astrologiae
774 3096 931 3152 methodus.
970 3101 1029 3150 399.

688 3294 769 3364 157.
808 3296 924 3380 Vulpes
941 3297 1115 3380 profanum
1138 3296 1176 3361 de
1192 3295 1348 3378 parochia.

561 3421 632 3508 Ego
656 3423 735 3488 dixi:
757 3421 914 3506 „Domine
933 3421 1063 3505 Doctor,
1086 3422 1203 3507 vulgus
1226 3422 1399 3487 offenditur
1421 3422 1514 3486 malis
1534 3422 1677 3486 moribus
1696 3423 1856 3506 praedica·

473 3530 608 3595 torum.“
663 3528 778 3611 ‘Quin
810 3530 928 3613 inquit,
961 3529 1114 3614 intelligit
1140 3528 1279 3614 vulgus?
1334 3526 1380 3596 &t
1413 3525 1478 3595 mill
1510 3526 1558 3595 ein
1590 3527 1718 3596 cutrebe
1751 3526 1855 3613 [poten.

472 3636 542 3702 Nos
565 3638 720 3703 habemus
744 3637 796 3701 hic
819 3636 921 3701 bonos
945 3639 977 3699 et
999 3636 1151 3700 honestos
1175 3637 1271 3718 viros,
1293 3642 1359 3701 tuot
1384 3632 1485 3719 tlllltt
1508 3633 1593 3721 {ctist
1639 3634 1672 3700 Si
1696 3637 1855 3720 parochus

473 3748 523 3809 est
546 3746 648 3808 malae
671 3746 769 3826 vitae,
797 3747 866 3807 tum
891 3746 1068 3827 queruntur
1091 3744 1216 3827 rustici,
1245 3744 1271 3806 si
1300 3742 1415 3825 bonae,
1443 3742 1566 3808 dicunt:
1602 3740 1695 3826 „lter
1723 3740 1797 3810 loun
1825 3742 1855 3829 lo

476 3847 555 3934 from
580 3849 649 3935 lein,
673 3849 724 3917 ule
748 3847 835 3935 uniet
857 3846 1017 3933 plecteret
1054 3848 1109 3934 Sd}
1133 3846 1206 3933 mut
1231 3846 1331 3915 meins
1355 3846 1446 3935 tinet
1470 3850 1628 3917 eumcum

688 4060 769 4132 158:
803 4062 974 4130 Christicue
995 4064 1092 4129 immo.

563 4189 698 4256 Severus
730 4191 823 4255 dixit:
859 4189 1016 4274 „Domine
1044 4188 1179 4271 Doctor,
1211 4185 1351 4274 nitius)
1391 4187 1533 4254 Judaeus
1571 4189 1711 4254 medicus
1744 4189 1856 4253 scribit

473 4302 585 4363 contra
606 4298 702 4362 fidem
726 4301 867 4362 nostram
891 4300 924 4362 et
946 4318 1039 4382 aegre
1058 4295 1128 4380 fert,
1151 4296 1340 4380 Philippum
1359 4296 1504 4367 scribere,
1528 4297 1679 4360 articulos
1697 4296 1769 4360 fidoi
1790 4319 1856 4361 non

473 4428 567 4489 posse
590 4406 714 4469 ratione
742 4403 976 4487 comprehendi.
1022 4401 1106 4467 Nam
1131 4401 1257 4490 dixit²):
1287 4401 1321 4467 Si
1349 4425 1415 4469 non
1445 4404 1595 4467 constitio
1623 4407 1672 4468 est
1699 4403 1856 4488 absoluta,

473 4513 614 4598 puellam
642 4533 736 4596 posse
758 4515 884 4596 gestare
908 4512 1062 4575 uterum.“
1107 4511 1298 4596 Respondit:
1332 4508 1420 4595 ‘unp
1449 4512 1568 4594 inquit,
1597 4511 1675 4594 quid
1703 4511 1857 4597 intelligit

473 4622 578 4685 ratio?
623 4618 699 4683 Non
722 4622 829 4703 potest
852 4619 1039 4704 intelligere,
1063 4619 1225 4702 quomodo
1249 4641 1288 4684 ex
1306 4622 1400 4705 gutta
1423 4619 1587 4704 sanguinis
1606 4618 1663 4682 fiat
1681 4618 1778 4682 homo
1797 4640 1856 4685 nec

475 4728 638 4811 quomodo
666 4749 705 4792 ex
728 4726 861 4790 floscido
886 4726 943 4789 fiat
972 4746 1128 4811 cerasum,
1162 4748 1211 4810 os,
1243 4748 1324 4790 caro.
1379 4726 1517 4791 Mundus
1546 4729 1595 4789 est
1621 4725 1734 4809 plenus
1762 4726 1856 4790 mira-

474 4837 555 4900 culis
587 4834 796 4918 quotidianis,
828 4833 884 4897 sed
916 4834 1003 4917 quod
1031 4832 1232 4921 Augustinus
1261 4834 1340 4898 dicit
1369 4855 1466 4917 super
1493 4829 1555 4917 6⁸)
1583 4831 1712 4897 losum:
1748 4830 1856 4916 „Haec

474 4944 583 5007 omnia
615 4946 746 5026 propter
778 4941 1017 5007 multitudinem
1050 4943 1239 5008 viluenmt.“
1290 4938 1436 5006 Christus
1473 4940 1573 5005 semel
1607 4940 1697 5024 pavit
1733 4940 1857 5022 nliquot

477 5050 567 5115 milia
590 5048 762 5137 quinque⁴)
791 5048 942 5134 panibus,
970 5049 1048 5134 quid
1074 5049 1153 5115 facit
1180 5048 1345 5133 quotidie?
1391 5046 1453 5113 Sed
1477 5048 1602 5113 vilescit
1624 5046 1856 5132 quotidianum.
