4667 6109
979 686 1137 759 66666ῐὶ66
1156 687 1212 748 rot
1232 686 1330 749 1661666
1631 687 1860 748 116666-666

683 852 766 923 666.
798 852 929 941 166661)
953 852 1016 920 Dei
1037 860 1196 938 6666696666
1211 874 1373 937 pauperes,
1394 853 1631 938 menapenses
1652 854 1812 921 altissimi.

561 997 586 1066 1)
605 994 685 1066 66616
703 993 820 1066 aeolidum
838 994 885 1052 sss.
901 999 953 1049 666
971 995 1024 1051 unt
1043 999 1109 1050 sss·
1126 1009 1170 1051 66
1183 994 1289 1065 666666
1307 999 1336 1051 rs
1355 994 1412 1066 6666
1431 995 1501 1067 nott
1518 995 1565 1066 66)
1582 993 1755 1066 &mutuos
1774 995 1860 1065 6666).

471 1084 584 1156 16611666
602 1095 655 1143 666
674 1089 743 1138 1666
761 1083 854 1156 portet,
873 1084 925 1155 agl.
945 1083 993 1141 616.
1012 1089 1077 1139 706
1093 1084 1165 1140 med.

683 1243 762 1300 tto·
780 1271 814 1292 -=
832 1245 880 1303 tu.
899 1249 960 1300 809.

683 1386 762 1443 666Ι
780 1414 814 1435 ==
832 1387 880 1446 th.
900 1391 960 1442 808.

682 1529 760 1587 666θ
778 1557 813 1577 ==
831 1531 879 1589 916.
899 1535 958 1586 806.

683 1709 767 1780 667.
800 1707 857 1799 (Θ.
876 1710 956 1800 218)
980 1708 1098 1777 Contra
1120 1712 1303 1778 eatinomcs.

559 1835 656 1903 Anno
684 1836 735 1902 st.
745 1835 770 1924 ¹)
806 1836 855 1904 18.
883 1836 1049 1902 Decembr.
1107 1835 1231 1904 Doctor
1261 1836 1418 1903 Martinus
1454 1836 1568 1902 habuit
1603 1836 1860 1922 disputationem

472 1949 584 2011 contra
610 1944 793 2010 antinomos
821 1948 853 2009 66
875 1940 1176 2032 Μωσημάστιγαςῆ
1206 1965 1322 2031 magna
1351 1966 1423 2011 cum
1453 1944 1634 2029 frequentia
1659 1943 1860 2029 auditorum,

471 2073 649 2140 provocans
678 2052 776 2117 etiam
805 2052 934 2118 nomine
965 2049 1150 2139 athletam&
1181 2052 1216 2118 in
1245 2073 1388 2137 menam,
1420 2051 1476 2118 sed
1504 2051 1560 2117 hio
1587 2049 1694 2117 nullus
1724 2050 1861 2137 prodire

471 2161 582 2226 voluit

559 2268 611 2334 21.
634 2266 800 2333 Decembr.
837 2264 940 2332 multa
971 2264 1010 2331 de
1042 2267 1302 2353 praesumptione
1334 2271 1368 2332 66
1398 2265 1641 2353 impoenitentia
1677 2266 1710 2331 in
1743 2288 1860 2331 mensa

471 2375 567 2460 dixit,
594 2372 707 2440 deinde
735 2374 898 2459 suspirans
925 2373 1043 2459 inquit:
1080 2373 1168 2461 ‘Ego
1191 2372 1376 2462 Agricolam
1405 2374 1574 2458 ordinabo,
1600 2376 1639 2438 66
1664 2372 1860 2458 praesideat,

471 2504 543 2548 eum
576 2503 642 2547 non
673 2481 744 2547 vult
775 2501 921 2569 arguere,
952 2478 1030 2549 teon
1054 2478 1120 2567 a‘)
1150 2479 1187 2567 iit
1216 2499 1252 2567 pr
1279 2479 1367 2568 prob,
1396 2480 1519 2547 Mosen
1547 2477 1771 2567 punctuation.
1822 2478 1859 2545 Si

471 2590 566 2655 aliam
590 2588 818 2675 paenitentiam
842 2586 996 2654 moralem
1014 2589 1066 2654 vel
1084 2587 1221 2653 ethicam
1241 2588 1411 2673 docuisset,
1432 2610 1498 2654 non
1517 2588 1771 2673 ecclesiasticam,
1796 2585 1858 2655 666

471 2708 548 2765 tecte
574 2694 645 2781 666)
673 2712 708 2781 311
731 2693 845 2782 161666)
873 2717 978 2780 noque
1000 2695 1079 2760 satis
1103 2700 1166 2780 est,
1195 2694 1280 2779 quod
1304 2697 1430 2782 ipsese
1453 2700 1597 2780 excusat,
1624 2695 1680 2779 qui
1703 2716 1769 2760 non
1795 2718 1858 2779 me,

471 2804 526 2870 sed
541 2802 746 2891 Crucigarum
766 2807 798 2868 et
811 2801 1002 2890 Magistrum
1018 2799 1223 2891 Georgiuml)
1242 2803 1443 2887 perstrinxit:
1467 2802 1696 2890 catechismus,
1714 2802 1859 2887 tabulae,

471 2909 629 2976 confessio
652 2907 844 2996 Augustiana
870 2913 929 2975 eto
958 2930 1042 2994 mea,
1071 2931 1136 2973 non
1161 2907 1325 2997 Cmoigeri
1352 2931 1411 2975 nee
1433 2909 1566 2977 Roereri
1592 2913 1675 2975 sunt.
1721 2906 1757 2974 Si
1784 2909 1858 2994 ipse

471 3017 700 3101 paenitentiam
727 3037 901 3082 examore
924 3016 1070 3100 justitiae
1098 3017 1168 3081 vult
1196 3017 1391 3102 praedicare,
1423 3022 1500 3082 tune
1527 3016 1649 3082 nemini
1670 3016 1735 3081 nisi
1754 3015 1858 3100 justis

471 3122 632 3208 praedicat
657 3123 883 3189 revelationem
911 3125 990 3210 irae;
1021 3123 1130 3209 impiis
1157 3123 1241 3189 nihil
1267 3124 1441 3210 praedicat,
1468 3146 1541 3189 oum
1569 3127 1677 3189 tamen
1699 3121 1857 3211 Paulum)

472 3229 569 3296 dicat:
597 3229 682 3317 „Lex
710 3230 839 3316 injustis
865 3231 999 3316 posita“
1043 3228 1186 3315 Summa,
1214 3230 1282 3316 ipse
1306 3232 1409 3318 aperit
1430 3233 1602 3298 fenestram
1625 3231 1713 3297 omni
1737 3233 1857 3296 securi·

471 3338 539 3422 tati,
561 3359 636 3403 nam
660 3338 716 3424 qui
738 3336 827 3404 tollit
848 3337 962 3425 legem,
985 3342 1018 3404 et
1040 3338 1242 3424 evangelium
1265 3338 1360 3404 tollit
1405 3337 1479 3424 Ipse
1500 3343 1646 3405 nostram
1665 3337 1857 3424 doctrinam,

472 3446 684 3512 conscientias
707 3445 969 3530 consolationem,
991 3444 1092 3510 trahit
1113 3444 1147 3511 in
1165 3444 1327 3510 licentiam
1347 3446 1460 3510 camis.
1501 3442 1556 3530 36)
1576 3443 1638 3532 6666
1655 3442 1727 3529 mill)
1746 3442 1857 3530 [cister

472 3549 772 3638 611ᾶηί66636ἰῄ6
795 3549 944 3638 66616666,
967 3552 1022 3637 qui
1045 3556 1153 3617 tamen
1177 3552 1211 3617 in
1233 3551 1300 3618 dies
1324 3573 1448 3618 mecum
1471 3551 1616 3617 conferre
1633 3555 1744 3639 posset
1762 3572 1856 3617 suam

472 3661 683 3725 sententiam?

560 3780 591 3835 Β.
611 3786 636 3849 a,
655 3786 697 3837 ss.

562 3925 589 3995 1)
607 3922 684 3994 set:
702 3928 744 3981 66.
776 3923 828 3982 ase
841 3923 1456 3998 9666661666[66666616666666616166.
1488 3924 1589 3995 actuo
1603 3929 1629 3995 2,
1642 3929 1709 3997 4673
1727 3923 1857 3996 66666,

472 4012 681 4083 6666666666
703 4011 750 4067 Dr.
769 4013 876 4071 1116616
893 4013 1013 4086 tuitus.
1050 4015 1139 4084 staff.
1167 4047 1204 4056 -
1236 4017 1264 4086 6)
1282 4012 1359 4084 tert:
1384 4015 1580 4086 μοσεμάωγος.
1610 4045 1643 4054 -
1671 4017 1698 4085 6)
1716 4013 1858 4084 6666616

472 4102 619 4173 wastellus
637 4101 837 4171 66116167.
876 4135 909 4144 -
945 4106 973 4175 4)
999 4103 1063 4174 6666
1085 4104 1136 4176 itti
1159 4104 1206 4175 666
1228 4103 1259 4158 B.
1284 4104 1333 4161 616.
1373 4135 1406 4144 -
1442 4106 1469 4173 6)
1497 4102 1594 4174 litter,
1624 4118 1671 4173 aar
1692 4101 1775 4173 66666
1802 4106 1855 4174 cel.

473 4192 520 4248 66.
541 4196 600 4260 res,
620 4198 644 4247 a.
679 4223 711 4232 -
744 4194 772 4264 6)
796 4199 819 4248 1.
838 4192 909 4249 666.
930 4200 954 4262 1,
974 4198 998 4249 s.

685 4370 769 4441 668.
808 4374 847 4440 Vi
869 4372 1064 4440 6666666666
1078 4373 1267 4462 papates).

560 4496 679 4565 Nescio
706 4498 764 4564 ubi
790 4500 949 4566 tumultus
976 4502 1080 4586 ortus,
1109 4496 1148 4566 to
1175 4516 1246 4568 666
1274 4496 1438 4585 berittum
1462 4496 1632 4585 66666666,
1664 4495 1711 4566 616
1738 4494 1858 4584 niuster

474 4602 696 4692 outssettltbeu,
727 4605 801 4692 plus
829 4628 925 4692 quam
953 4606 1121 4691 ducentos,
1152 4606 1327 4673 monachos
1354 4609 1387 4673 st
1413 4605 1647 4672 ceremoniales.
1699 4602 1761 4671 Illa
1787 4607 1858 4673 vio-

472 4713 572 4779 lentia
599 4713 764 4799 displicuit
785 4712 921 4780 Doctori
948 4718 1080 4799 propter
1106 4714 1291 4780 scandalum
1318 4713 1492 4801 evangelii,
1521 4714 1599 4779 item
1627 4712 1713 4799 quod
1741 4713 1860 4781 incitet

472 4825 640 4905 tyrannos:
681 4818 759 4890 ’616
791 4817 913 4903 66666,
949 4822 1069 4907 inquit,
1104 4818 1161 4889 mit
1193 4818 1244 4888 tet
1276 4817 1353 4905 fouit
1385 4833 1441 4888 oct
1472 4817 1538 4887 666
1570 4818 1678 4905 666666
1709 4816 1859 4906 itidem).

473 4926 632 4994 Dominus
668 4927 747 4993 dicit
781 4949 840 5014 per
870 4924 1047 5015 Esaiam⁸):
1087 4926 1178 5015 ,Ego
1209 4931 1370 4993 conteram
1403 4931 1477 5012 ete,
1512 4927 1627 5013 spiritu
1660 4928 1724 4992 oris
1757 4927 1859 4996 inter-

473 5035 620 5101 ficientur
642 5036 720 5102 ete.“
769 5032 823 5101 Sic
849 5034 1029 5121 perdendus
1056 5057 1148 5121 papa.
1198 5034 1346 5122 Regnum
1375 5054 1476 5120 papae
1504 5035 1676 5100 mendaciis
1710 5034 1860 5126 fulcitur,
