4667 6109
908 687 1072 759 fluitem
1091 688 1144 750 sc
1163 687 1317 761 illdata
1337 698 1390 750 m
1410 688 1488 747 154⁰
1654 687 1707 749 stt.
1720 688 1895 749 ”MW

723 869 805 940 sas.
834 872 1000 940 sudeam
1022 873 1060 938 a
1081 873 1264 956 repones.

598 997 791 1063 ‘Misnenses
815 1001 890 1062 sunt
913 997 1041 1082 superbi
1065 1000 1099 1062 et
1127 1000 1279 1084 arrogant
1308 997 1370 1063 sibi
1394 996 1582 1082 sapientiam
1590 995 1630 1085 ¹),
1660 1019 1756 1082 quam
1786 1000 1896 1062 minen

509 1127 575 1171 non
597 1105 725 1170 habent.
771 1104 928 1192 Thuringi
957 1109 1033 1171 sunt
1055 1103 1227 1170 inofficiosi
1255 1108 1288 1170 et
1309 1106 1501 1189 pleonectes.
1547 1104 1684 1170 Bohemi
1710 1104 1795 1170 fastu
1822 1103 1895 1169 reli·

510 1234 591 1297 ques
616 1212 756 1277 vincunt.
802 1211 918 1277 Bavari
937 1215 1012 1276 sunt
1035 1212 1125 1277 stulti
1150 1215 1183 1276 et
1205 1232 1271 1275 nen
1293 1210 1462 1298 ingeniosi,
1485 1234 1565 1297 quse
1589 1211 1717 1297 quidem
1740 1233 1790 1276 res
1808 1211 1896 1295 facit,

510 1324 547 1386 ut
569 1319 636 1385 sint
656 1319 831 1404 probiores.
876 1317 992 1385 lhanci
1014 1322 1048 1384 et
1066 1317 1162 1384 Suevi
1187 1323 1263 1384 sunt
1285 1318 1447 1403 simplices
1465 1322 1499 1385 et
1515 1319 1609 1404 probi
1629 1318 1774 1385 officiosi.
1820 1316 1896 1384 Hel·

510 1427 588 1492 vetii
611 1430 687 1491 sunt
709 1426 805 1511 primi
829 1423 1073 1509 Germanorum,
1096 1426 1247 1504 animosi,
1278 1426 1412 1491 candidi.
1458 1423 1628 1513 Vandali&
1652 1429 1728 1491 sunt
1754 1426 1840 1491 fures
1864 1430 1896 1490 et

509 1533 685 1619 pessimum
700 1554 801 1619 genus
815 1532 991 1598 hominum.
1029 1530 1238 1613 iliberlcnbct,
1257 1533 1381 1617 Batavi,
1399 1531 1494 1617 tsintt
1507 1531 1598 1619 redte
1613 1530 1726 1618 quodsi
1740 1529 1895 1618 merides.

511 1641 697 1706 Rhenenses
722 1637 832 1726 iian)
855 1636 1041 1725 occideritis
1065 1638 1252 1707 ebeoteueret
1275 1638 1338 1708 unt
1361 1637 1582 1726 tortelteittiq?

600 1778 687 1834 narn.
708 1778 742 1834 N.
758 1784 805 1848 ss,
825 1777 908 1834 corn.
923 1779 953 1834 Β.
971 1784 1030 1848 res,
1045 1784 1093 1847 oo,
1111 1778 1186 1834 nin.
1204 1784 1268 1846 1403
1287 1778 1374 1835 cheu
1391 1785 1450 1834 rsa.

604 1944 629 2012 1)
648 1940 710 2010 tillo
729 1940 788 2012 titt
808 1946 836 1998 es
854 1940 926 2011 idon
944 1956 977 2012 aa
994 1939 1106 2012 Pothus
1125 1940 1197 2012 Brit:
1216 1939 1276 1997 urit
1295 1939 1406 2011 &edim
1424 1940 1478 2010 tris
1495 1942 1572 2013 tells!
1609 1973 1642 1982 —
1680 1944 1707 2012 t)
1725 1942 1773 2000 lit.
1794 1947 1853 2011 140,
1873 1949 1896 1997 1.

512 2063 545 2072 -
584 2034 611 2101 3)
633 2030 694 2086 Par.
715 2039 767 2089 oon
785 2029 841 2102 tter
860 2031 892 2086 ab
911 2029 1054 2102 tetlatatt.

726 2245 810 2315 sse.
843 2245 1062 2333 nucem).

602 2371 682 2438 Gum
707 2393 905 2456 caneremus,
932 2372 1015 2438 dixit
1040 2370 1177 2438 Doctor:
1216 2370 1279 2440 ‘de
1307 2370 1426 2440 merbec
1453 2371 1523 2459 uoq
1553 2371 1611 2441 elle
1634 2371 1782 2460 merides
1805 2372 1900 2441 eruo

512 2478 643 2547 merten!
689 2475 774 2546 iiten
793 2476 887 2546 trusit
905 2478 966 2545 mol
985 2477 1015 2563 lo
1034 2477 1078 2546 oi!
1097 2477 1220 2564 heqer?
1240 2517 1282 2526 —
1302 2479 1385 2545 Tum
1404 2482 1527 2565 plures:
1564 2479 1667 2565 „Sunt
1684 2481 1900 2546 dialectieae!“

512 2586 596 2653 'I'um
619 2585 755 2652 Doctor:
792 2583 931 2653 ‘hlumec
950 2584 1043 2671 icini!
1080 2585 1173 2652 Unus
1196 2585 1366 2672 Philippus
1386 2588 1515 2673 scripsit
1537 2587 1753 2673 dialecticam
1776 2610 1815 2653 ex
1837 2587 1900 2653 hoc

513 2694 603 2759 fonte
631 2693 786 2759 hauriunt
808 2715 933 2777 omnes,
962 2697 995 2759 et
1024 2716 1118 2760 nemo
1150 2694 1332 2778 assequitur
1354 2693 1556 2780 Philippum,
1584 2695 1702 2761 nedum
1732 2700 1901 2780 exsuperet

514 2800 723 2886 Philippum?

727 2975 841 3046 22511).
879 2976 955 3045 (Bas.
977 2983 1005 3043 1,
1025 2980 1088 3047 646)
1115 2978 1194 3034 Filio
1225 2993 1275 3035 suo
1302 2979 1407 3035 Ductor
1435 2979 1580 3037 Martinus
1606 2980 1716 3050 serpsit
1742 2978 1813 3035 tasse
1839 2979 1899 3034 diu·

880 3067 1008 3122 meam.
1038 3071 1117 3123 1540.

606 3173 718 3228 ‘Plures
737 3173 821 3228 hodie
845 3172 972 3228 scribunt
990 3173 1168 3241 dialecticas,
1192 3174 1241 3229 sed
1259 3192 1333 3229 unus
1351 3174 1500 3245 Philippus
1518 3174 1632 3245 scripsit
1650 3174 1843 3243 dialecticam,
1866 3192 1900 3231 ex

515 3282 571 3333 quo
589 3264 667 3318 fonte
685 3263 787 3331 reliqui
807 3279 902 3317 omnes
921 3262 1055 3318 hauriunt
1073 3280 1137 3333 sua,
1160 3266 1190 3319 et
1207 3280 1289 3319 nemo
1307 3267 1403 3319 tamen
1421 3264 1581 3333 assequitur
1598 3263 1775 3335 Philippum,
1799 3264 1901 3320 nedum

515 3355 548 3408 ut
566 3354 698 3423 superent
717 3369 787 3407 eum.
822 3352 881 3422 Ego
901 3351 1053 3421 aliquando
1071 3370 1123 3423 pro
1142 3353 1200 3408 filio
1219 3370 1282 3409 meo
1301 3353 1422 3409 scribam
1440 3353 1524 3409 breve
1543 3354 1748 3423 compendium,
1766 3370 1832 3409 narn
1845 3372 1901 3409 uno

516 3445 601 3510 atque
620 3441 708 3497 altero
727 3443 878 3512 praecepto
897 3443 991 3510 potest
1008 3441 1078 3496 haec
1097 3459 1142 3496 ars
1159 3442 1243 3498 tradi.
1277 3442 1473 3513 Nobispueris
1487 3458 1569 3497 nemo
1583 3443 1731 3499 intellexit.
1764 3443 1824 3516 Ego
1839 3461 1902 3499 cum

516 3547 605 3586 essem
623 3530 768 3601 magister,
787 3529 876 3584 incidi
896 3529 926 3585 in
944 3530 1087 3599 Boetium3
1106 3531 1147 3587 ibi
1165 3531 1224 3587 vidi
1243 3550 1324 3587 usum
1343 3531 1467 3603 aliquem
1485 3548 1610 3588 mearum
1628 3549 1727 3588 rerum.

605 3619 678 3674 Nam
701 3621 763 3674 tots
785 3618 936 3674 dialectica
958 3621 1086 3674 versatur
1108 3620 1138 3675 iu
1162 3621 1205 3676 di·
1223 3621 1300 3690 (Bas.
1322 3627 1346 3690 1,
1365 3624 1429 3692 647)
1447 3620 1567 3689 visione,
1590 3620 1754 3678 definitione
1773 3624 1802 3677 et
1820 3638 1902 3693 argu-

516 3709 698 3775 mentatione,
716 3725 802 3779 quam
821 3724 871 3763 nos
891 3708 1085 3765 collectionem
1103 3727 1246 3766 vocamus:

605 3798 712 3853 Divisio
727 3797 812 3865 videt,
831 3814 867 3853 ne
881 3815 932 3852 vor
946 3798 984 3853 sit
997 3799 1138 3870 ambigua.
1176 3799 1285 3854 Erroris
1303 3802 1393 3854 mater
1411 3802 1456 3854 est
1473 3799 1668 3870 aequivocatio
1683 3817 1798 3871 semper.
1832 3799 1901 3855 Cum

517 3888 657 3959 igiturex
677 3886 828 3955 aequivoce
848 3887 879 3942 fit
897 3887 1055 3956 univocum,
1073 3891 1141 3943 tunc
1160 3889 1229 3944 certi
1249 3905 1352 3956 sumus,
1371 3888 1406 3942 de
1425 3904 1482 3958 qua
1500 3904 1529 3943 re
1548 3890 1580 3943 iit
1594 3904 1690 3944 sermo.
1724 3888 1834 3944 Rustici
1849 3890 1902 3944 hoc

519 3976 605 4033 etiarn
624 3975 773 4046 colligunt,
792 3976 816 4030 si
835 3976 1003 4046 simpliciter
1021 3976 1056 4032 de
1074 3977 1128 4031 hac
1146 3994 1177 4032 re
1195 3977 1404 4032 admoneantur.

607 4064 778 4120 Divisionem
802 4065 929 4134 sequitur
947 4066 1081 4121 definitio.
1119 4066 1161 4121 Ea
1176 4065 1302 4135 judicat,
1325 4066 1394 4137 quid
1413 4066 1454 4120 rei
1473 4066 1512 4121 sit
1529 4066 1568 4134 id,
1587 4066 1622 4121 de
1641 4082 1696 4136 quo
1716 4083 1805 4121 sermo
1823 4066 1903 4122 insti·

517 4156 614 4212 tuitur.
653 4153 817 4210 Conteritur
839 4157 935 4210 autern
957 4155 1032 4209 bona
1056 4155 1183 4210 definitio
1206 4171 1239 4211 ex
1262 4159 1385 4226 quatuor
1408 4157 1507 4211 causis.
1545 4155 1654 4210 Rustici
1678 4155 1708 4210 id
1732 4172 1843 4225 quoque
1861 4157 1903 4211 iu-

517 4245 658 4316 telligunt.
688 4244 754 4301 itas
768 4243 815 4313 tte
834 4245 875 4314 tur
890 4245 932 4302 sin
947 4244 1039 4316 ttnqt?
1062 4245 1140 4300 Haec
1158 4247 1202 4300 est
1219 4246 1346 4301 materia.
1376 4245 1433 4304 tilis
1452 4245 1519 4315 ittet
1542 4246 1649 4301 Forma.
1679 4245 1766 4303 were
1784 4247 1904 4317 temptet

518 4334 650 4390 Effectus.
688 4334 784 4405 Rotae
803 4333 909 4390 birote?
940 4333 1025 4389 Finis.
1062 4335 1124 4389 Hae
1149 4335 1237 4406 igitur
1261 4351 1362 4390 causae
1386 4336 1561 4391 constituunt
1578 4336 1681 4391 bonam
1705 4334 1903 4391 definitionem.

607 4425 709 4480 Postea
723 4424 851 4492 sequitur
863 4424 938 4479 bona
952 4425 1166 4495 argumentatio.
1200 4424 1242 4479 Ea
1256 4424 1365 4496 colligit
1384 4427 1412 4480 et
1429 4425 1505 4481 bons
1523 4424 1686 4481 defiuitione
1704 4428 1734 4481 et
1751 4428 1826 4481 certe
1840 4443 1905 4480 een·

519 4513 609 4570 cludit
627 4513 781 4569 seeundum
799 4513 910 4584 regulas
930 4514 1201 4584 consequentiarum,
1220 4531 1292 4585 quae
1311 4515 1409 4587 negari
1427 4533 1484 4570 non
1500 4517 1626 4585 pessunt.

610 4603 712 4658 Postea
731 4601 841 4657 aceedit
858 4602 1006 4657 rhetorica.
1044 4602 1085 4658 Ea
1104 4602 1186 4659 addit
1204 4607 1334 4659 ornatum
1357 4603 1487 4675 partibus
1510 4604 1685 4660 collectionis
1708 4606 1738 4659 et
1755 4603 1859 4659 dilatat
1877 4606 1906 4660 st

520 4693 644 4764 explicat
662 4692 698 4747 ab
713 4690 891 4762 impossibili,
910 4692 986 4761 (Bas.
1004 4699 1027 4759 1,
1042 4695 1105 4763 648)
1123 4692 1290 4760 necessario,
1309 4693 1426 4749 honesto
1446 4696 1475 4749 et
1493 4693 1564 4749 utili.
1598 4692 1725 4748 Summa:
1749 4692 1905 4748 Dialectica

520 4783 610 4849 docet,
629 4781 769 4837 rhetorica
787 4781 895 4836 suadet.
932 4781 1036 4836 Paulus
1054 4784 1205 4852 utrumque
1219 4782 1248 4835 in
1267 4782 1346 4837 Rom.
1367 4782 1467 4851 habet;
1485 4783 1535 4853 qui
1554 4781 1638 4838 docet
1655 4783 1686 4837 in
1699 4782 1837 4848 doctrina,
1856 4783 1905 4852 qui

520 4873 684 4927 exhortatur
703 4873 733 4926 in
754 4871 955 4928 exhortatione.
995 4870 1039 4928 ier
1058 4871 1118 4942 teht
1140 4870 1291 4926 dialectica
1309 4874 1362 4929 snb
1386 4872 1537 4928 rhetorica!
1576 4871 1630 4927 Sed
1653 4871 1734 4927 uobis
1759 4873 1853 4943 pueris
1877 4875 1907 4928 et

520 4962 623 5016 uostris
645 4960 876 5032 praeceptoribus
899 4977 980 5016 nemo
1004 4961 1201 5031 persuasisset,
1227 4960 1406 5017 dialecticam
1424 4965 1453 5018 et
1470 4962 1639 5017 rhetoricam
1658 4978 1718 5018 esse
1736 4961 1765 5016 in
1785 4961 1905 5032 epistola

521 5051 558 5107 ad
577 5052 655 5108 Item.
676 5055 726 5107 aut
748 5050 778 5105 iu
797 5050 936 5107 Cicerone.
974 5049 1033 5109 eir
1055 5050 1182 5109 meloten:
1211 5050 1292 5105 Plato
1315 5051 1415 5121 currit,
1438 5051 1520 5107 homo
1543 5052 1681 5121 loquitur,
1705 5054 1753 5109 trs
1777 5062 1842 5109 lectt
1865 5051 1906 5110 ose
