4667 6109
471 722 536 787 390
984 717 1142 788 tantoties
1162 718 1217 777 sot
1230 695 1336 778 ¹{rtet
1584 716 1637 775 bt.
1654 716 1769 774 225⁸-
1779 716 1859 774 ⁷25⁴

685 883 771 938 ⁷25¹.
799 883 867 952 (Ser.
883 881 928 939 131.
946 883 1007 953 15¹³)
1026 881 1199 937 Amadorfius
1213 880 1295 935 Pauli
1314 880 1392 935 tertii
1405 896 1497 950 papae
1512 879 1681 935 mentionem
1695 877 1774 947 fecit,
1795 896 1859 933 cum

471 990 531 1029 esse
549 975 689 1028 mortuum
712 974 741 1027 et
758 974 892 1043 quattuor
909 970 1085 1042 patriarchas
1103 970 1221 1025 Romam
1240 970 1393 1041 ingressos,
1417 969 1636 1037 Antiochenam,
1660 967 1860 1024 Constantino·

471 1062 641 1134 politanum,
669 1064 699 1116 et
721 1061 824 1116 multos
852 1061 923 1116 alios
951 1061 987 1115 ad
1011 1060 1159 1116 concilium
1184 1075 1245 1115 sese
1268 1075 1375 1131 parare.
1412 1058 1570 1129 Respondit
1591 1058 1696 1114 Doctor
1718 1057 1860 1113 Martinus

470 1153 621 1207 Lutherus:
639 1151 787 1221 ‘Papistae
800 1154 937 1206 noverunt
950 1167 1006 1217 cor,
1021 1149 1167 1205 consilium
1182 1152 1212 1204 et
1225 1149 1382 1204 doctrinam
1395 1151 1527 1203 nostram.
1560 1147 1619 1202 Nos
1633 1149 1732 1203 contra
1744 1147 1860 1202 illorum

472 1241 631 1296 voluntates
650 1241 785 1295 novimus.
824 1239 904 1294 Solus
923 1240 999 1294 Deus
1016 1238 1104 1294 habet
1121 1255 1173 1294 sua
1191 1228 1310 1293 consilia
1328 1254 1437 1293 aroana.
1476 1237 1542 1295 Μ
1560 1237 1604 1293 brt
1626 1236 1727 1307 moen
1746 1237 1807 1306 mil,
1830 1238 1860 1292 iu

471 1331 533 1401 ipso
552 1332 653 1385 eventu
672 1329 844 1400 experimur,
863 1328 1002 1399 temielben
1021 1328 1114 1386 toollen
1129 1327 1194 1385 mitt
1209 1328 1338 1400 bethelea,
1357 1327 1387 1381 in
1406 1343 1470 1382 eum
1489 1342 1600 1381 omnem
1619 1343 1714 1381 curam
1733 1326 1861 1397 rejicere,

472 1437 537 1475 uam
560 1419 637 1475 illius
662 1436 747 1474 causa
770 1419 871 1489 agitur.
907 1418 958 1473 llle
979 1418 1161 1488 promovebit.
1200 1417 1258 1474 mir
1275 1417 1368 1474 moilen
1387 1416 1464 1487 tileo,
1488 1415 1608 1485 trindeo,
1631 1415 1760 1489 Ῐώῑαῇειις
1785 1428 1861 1473 menn

472 1509 521 1566 loir
539 1515 592 1566 unt
612 1508 746 1579 istodoro
765 1509 883 1579 tetrico,
900 1508 969 1577 lolbe
982 1509 1038 1564 teor
1053 1507 1123 1577 both
1141 1507 1194 1563 tool
1212 1510 1256 1563 ber
1270 1509 1343 1579 nuth
1357 1506 1473 1577 motion.
1509 1505 1599 1560 Sinite
1617 1504 1681 1561 illos
1700 1505 1861 1561 consultare

474 1601 503 1654 et
521 1599 695 1668 proditiones
714 1615 779 1652 suas
797 1597 942 1652 meditari!
975 1596 1102 1651 Christus
1120 1596 1198 1664 vivit,
1217 1599 1246 1651 et
1264 1599 1415 1666 antequam
1434 1598 1560 1650 mortuus
1579 1598 1622 1651 est
1635 1594 1771 1663 Christus,
1791 1594 1860 1665 (Ser.

472 1688 517 1746 bl.
535 1690 578 1756 lo)
606 1689 651 1760 tot
678 1688 722 1744 ter
744 1686 875 1757 conciter
896 1686 988 1755 scoot
1010 1685 1099 1757 tortio
1121 1687 1216 1756 onom
1239 1684 1335 1754 malim
1363 1702 1427 1740 oum
1450 1685 1613 1740 confusione
1640 1685 1771 1755 propriae
1796 1701 1861 1739 con-

474 1776 624 1832 fessionis)

687 1901 774 1957 theb.
803 1901 966 1972 Spoletinus
985 1900 1122 1956 indicavit
1139 1900 1226 1955 Italos
1245 1899 1366 1955 maxime
1386 1900 1536 1956 abhorrere
1553 1902 1697 1955 vomentes
1715 1897 1811 1955 ebrios
1834 1902 1863 1954 et

473 1993 573 2048 rotulit
585 1992 732 2047 historiam
747 1991 783 2047 de
796 1991 913 2046 Alberto
927 1991 1045 2046 Mecum.
1079 1989 1132 2056 Qui
1151 2007 1215 2044 cum
1230 1989 1258 2044 in
1273 1989 1358 2045 ltalia
1371 1990 1544 2060 hospitasset
1561 1992 1591 2044 et
1606 2007 1670 2044 eum
1684 1988 1750 2044 Itali
1763 2005 1863 2044 omues

473 2082 561 2137 lectos
577 2084 771 2151 occupassent,
789 2081 871 2136 linxit
884 2096 914 2135 se
927 2096 1046 2146 vomere,
1066 2083 1095 2135 et
1108 2095 1205 2134 omnes
1220 2095 1253 2132 ex
1267 2079 1348 2133 lectis
1362 2079 1503 2150 fugerunt.
1536 2078 1673 2134 Similiter
1685 2078 1863 2134 Licentiatue

473 2171 651 2242 litogbebmgl
665 2170 858 2242 comprobavit
872 2170 977 2237 dicens,
991 2170 1021 2224 in
1034 2168 1120 2224 Italia
1133 2184 1230 2222 omnes
1244 2167 1330 2222 Italos
1344 2168 1424 2222 illam
1438 2168 1599 2238 opinionem
1612 2167 1725 2235 habere,
1739 2167 1863 2223 vomitus

477 2275 538 2315 esse
561 2259 749 2314 intonationee
772 2259 868 2329 pestis.
906 2258 984 2313 Tunc
1002 2258 1107 2312 Doctor
1125 2257 1263 2312 Martinus
1281 2257 1419 2312 Lutherus
1438 2257 1507 2312 satis
1525 2257 1676 2312 ridiculose
1694 2257 1780 2312 dixit:
1811 2256 1865 2311 ‘Et

475 2365 536 2419 ego,
555 2349 580 2403 si
599 2348 745 2403 Mantuam
763 2366 873 2414 venero,
891 2348 998 2403 vomitu
1016 2346 1081 2402 flios
1099 2346 1226 2417 fugabo’

690 2543 776 2600 7250.
811 2544 914 2601 ‘Doleo
938 2544 1101 2613 Philippum
1124 2542 1334 2598 Melanthouem
1362 2542 1516 2613 astrologia
1543 2543 1614 2599 adso
1638 2543 1767 2609 brerae,
1795 2545 1865 2612 quia

474 2635 595 2688 manime
613 2632 733 2707 luditum
757 2651 822 2688 nam
841 2632 927 2689 facile
945 2634 1068 2688 afficitur
1087 2633 1176 2703 signis
1195 2631 1364 2687 caelestibus
1383 2633 1413 2687 et
1430 2632 1487 2685 auis
1507 2631 1728 2702 cogitationibus
1746 2631 1863 2686 luditur.

474 2723 513 2780 Gt
532 2726 576 2793 hot
594 2722 631 2778 ini
651 2712 708 2791 otle'
720 2723 834 2794 grtttlrt,
854 2725 981 2777 attamen
998 2740 1054 2777 non
1073 2724 1169 2793 potest
1186 2721 1357 2791 persuaderi.
1391 2719 1459 2775 Cum
1474 2737 1526 2791 ego
1541 2720 1692 2790 aliquando
1707 2737 1741 2775 ex
1754 2720 1865 2792 {otpolt

474 2811 597 2867 venirem
616 2811 685 2865 satis
705 2811 821 2878 debilis,
845 2812 918 2866 dixit
936 2812 1027 2866 fatum
1045 2811 1144 2865 mortis
1162 2827 1243 2866 meae
1261 2810 1367 2865 adesse.
1405 2809 1453 2878 8⁶)
1477 2811 1540 2879 bobr
1563 2809 1605 2866 oie
1629 2810 1721 2866 molito
1746 2810 1864 2881 nlenten,

475 2903 524 2956 bos
543 2905 571 2956 cs
591 2899 628 2955 im
642 2900 668 2967 io
682 2901 748 2971 emit
762 2903 839 2957 merc!
872 2900 933 2971 Ego
952 2901 1035 2971 signa
1053 2899 1189 2956 caelestia
1206 2916 1262 2953 uon
1281 2901 1384 2964 metuo,
1408 2915 1473 2953 nam
1491 2899 1587 2953 anima
1604 2901 1699 2953 nostra
1717 2902 1762 2954 est
1780 2917 1865 2969 snper

476 2990 570 3043 omnia
592 2990 698 3055 sidera,
726 3005 782 3043 non
805 2992 899 3059 potest
921 2989 979 3043 illis
1003 2989 1118 3057 subjici,
1147 2991 1207 3044 esto
1231 3005 1348 3058 co1pora
1371 2990 1467 3042 nostra
1489 2987 1547 3041 siut
1564 2987 1623 3042 illis
1641 2987 1775 3055 subjecta.
1815 2988 1865 3057 8⁶]

476 3078 568 3146 lerdis
591 3077 654 3147 midi
678 3090 725 3135 oor
748 3080 804 3135 bem
828 3078 941 3134 chasmo
964 3078 1038 3148 uidit.
1075 3077 1124 3149 Sd)
1147 3077 1210 3135 totle
1234 3079 1282 3134 bec
1307 3079 1395 3148 hugon
1414 3076 1565 3146 orttnrilen
1584 3079 1668 3148 polteo
1687 3077 1786 3145 mter!
1827 3077 1866 3135 tt

476 3166 568 3237 tortile
587 3166 631 3236 sict
650 3168 682 3238 ς).
701 3167 743 3223 no.

691 3344 779 3419 ruas.
808 3366 852 3420 ue
869 3367 1032 3421 eonem
1049 3372 1074 3420 e
1092 3365 1236 3420 miraeo.

566 3471 632 3539 (Ser.
653 3470 697 3529 561.
714 3471 777 3538 16“)
796 3470 933 3542 Magister
951 3471 1083 3542 Agricola
1101 3471 1272 3527 mentionem
1292 3472 1361 3527 iecit
1375 3471 1554 3535 Perdinandi,
1574 3472 1653 3541 cujus
1672 3489 1772 3541 corpus
1791 3474 1867 3527 esset

477 3561 561 3632 plane
584 3561 795 3626 cadaverosum,
823 3561 903 3629 quasi
928 3560 1038 3616 cicutae
1065 3560 1158 3626 adda,
1186 3562 1216 3615 et
1243 3578 1306 3615 eum
1333 3560 1438 3616 habere
1459 3577 1573 3616 uxorem
1595 3561 1778 3615 fortissimam
1802 3577 1866 3615 cum

478 3650 638 3719 suspicione
656 3649 798 3704 adulterii.
836 3649 993 3719 Respondit
1010 3649 1116 3704 Doctor
1133 3649 1288 3704 admirans:
1315 3650 1373 3720 ‘git
1392 3666 1419 3707 ot
1437 3650 1496 3719 nod)
1516 3649 1541 3719 to
1561 3650 1680 3721 attinget
1698 3650 1774 3717 reios,
1797 3652 1866 3705 tuuc

477 3738 594 3793 habebit
630 3737 773 3807 adjutores
809 3738 892 3792 thori.
943 3737 994 3793 Est
1029 3739 1198 3795 horrendum
1236 3741 1265 3795 et
1300 3738 1400 3807 fatale,
1438 3739 1461 3793 si
1493 3741 1569 3795 terra
1603 3739 1728 3809 repletur
1764 3737 1866 3795 alienis

477 3827 655 3884 heredibus!’

566 3917 602 3971 llt
621 3917 723 3973 deiude
740 3917 872 3972 recitavit
888 3916 1036 3972 historiam
1056 3918 1091 3972 de
1109 3918 1285 3982 marchione,
1310 3935 1361 3972 avo
1380 3918 1518 3973 Casimiri.
1556 3917 1610 3983 Qui
1629 3935 1691 3972 oum
1711 3918 1740 3972 in
1757 3920 1866 3989 templo

478 4007 604 4062 adstaret
627 4024 690 4061 cum
714 4024 763 4060 ano
788 4007 954 4073 camerario,
977 4008 1150 4062 numeraturi
1170 4006 1312 4062 adulteras
1330 4008 1360 4061 iu
1379 4008 1437 4062 suis
1455 4008 1539 4064 Pater
1557 4010 1663 4075 noster,
1686 4024 1748 4061 cum
1768 4008 1806 4062 ad
1825 4012 1866 4063 oi-

478 4097 625 4152 lertorium
643 4095 834 4162 accessissent,
854 4095 938 4151 dixit:
961 4096 1095 4167 „Bruti”
1128 4095 1198 4151 Cum
1216 4114 1285 4151 uxor
1303 4098 1450 4153 camerarii
1469 4098 1599 4163 venisset,
1618 4097 1702 4153 dixit:
1730 4097 1867 4170 „Raudii”

478 4185 647 4255 Respondit:
667 4184 727 4254 „tt
748 4185 871 4256 godbtsstt
885 4186 950 4256 lom,
970 4191 998 4242 td
1013 4185 1042 4254 il
1056 4185 1125 4242 metu
1140 4185 1239 4243 oriw
1268 4186 1403 4256 „Beudol”
1430 4187 1539 4242 Deinde
1552 4187 1682 4242 veniente
1695 4186 1868 4244 marchionis

478 4277 577 4340 matre,
593 4273 681 4342 jussit
698 4273 868 4343 principem:
892 4274 1021 4345 „gibeti”
1048 4273 1107 4342 „ti
1127 4280 1155 4331 rs
1174 4274 1204 4345 iit
1222 4274 1306 4331 meins
1324 4278 1453 4333 murteo
1482 4275 1613 4343 „Quida‘
1641 4278 1701 4330 tum
1718 4277 1869 4346 respondit

479 4363 663 4428 camerarius,
688 4363 805 4434 „tibist”
837 4363 916 4418 Tunc
934 4363 1076 4418 subiratus
1095 4363 1221 4418 marchio
1239 4364 1351 4435 accepit
1368 4364 1409 4421 bie
1427 4364 1511 4419 Pater
1528 4368 1630 4433 noster,
1653 4365 1762 4420 dicens:
1790 4366 1868 4437 „licit

480 4459 532 4508 uos
551 4452 592 4508 bis
609 4452 691 4523 burra
711 4468 758 4523 gor
776 4453 921 4524 autemnon
939 4452 1048 4524 sibenl‘

569 4542 677 4597 Deinde
699 4542 830 4596 recitavit
854 4541 1001 4596 historiam
1028 4553 1080 4598 ooo
1106 4543 1198 4611 hauto
1221 4544 1275 4614 litto
1298 4549 1349 4599 oud
1367 4543 1449 4600 tinem
1468 4544 1553 4612 butte,
1582 4543 1662 4614 cujus
1685 4544 1785 4598 titulus
1809 4549 1867 4602 est:

479 4630 549 4701 „nie
571 4631 746 4702 &orechildis
772 4631 891 4700 hcuca‘ss
918 4629 968 4684 ubi
990 4632 1144 4686 monachus
1167 4649 1200 4686 er
1228 4632 1449 4688 confessionibus
1477 4632 1620 4701 copulavit
1643 4633 1774 4702 juvenem
1802 4653 1867 4689 curn

480 4720 622 4787 adultera;
640 4737 713 4789 quae
732 4737 795 4774 cum
813 4719 999 4775 adolescentis
1018 4720 1204 4776 confessorem
1224 4722 1316 4789 sciret,
1335 4723 1488 4792 conquesta
1506 4724 1550 4775 est
1563 4721 1598 4777 de
1611 4722 1665 4777 hoc
1679 4723 1868 4791 adolescente,

480 4808 599 4864 afferens
623 4809 710 4875 dona,
738 4809 859 4877 quaesi
882 4809 1017 4876 misisset,
1042 4811 1144 4865 deiude
1167 4812 1294 4866 arborem
1319 4811 1394 4865 circa
1417 4810 1577 4866 cubiculum
1601 4813 1760 4867 ascendisse
1784 4830 1868 4868 accu-

480 4899 562 4966 savit,
581 4901 610 4952 et
628 4899 669 4953 ita
688 4901 769 4954 terna
786 4900 966 4955 accusatione
984 4903 1128 4969 correptus
1147 4901 1310 4955 adolescens
1329 4918 1374 4955 oo·
1392 4900 1460 4970 (Ser.
1480 4901 1524 4959 ot.
1542 4906 1584 4969 17)
1604 4902 1745 4957 casionem
1764 4902 1869 4958 didicit

480 4988 557 5041 illius
585 4988 749 5043 accedendi:
779 4989 815 5042 Et
838 4989 879 5044 ita
902 4988 1017 5059 ignarus
1040 4989 1197 5060 copulavit,
1225 5007 1294 5058 quoa
1318 4991 1415 5045 sciens¹
1433 4992 1583 5061 separavit.
1626 4991 1698 5045 Nam
1721 4992 1867 5061 poeticum

480 5077 625 5133 inventum
643 5080 672 5132 et
690 5077 835 5148 ingenium
858 5077 983 5134 mulieris
1002 5080 1067 5133 suut
1084 5077 1203 5133 infinita.
