4667 6109
473 716 527 777 nr.
549 717 625 775 ⁷14³
882 718 931 776 28.
949 717 1071 777 olicis:
1089 717 1132 777 tls
1153 719 1200 775 12.
1220 718 1364 792 bernier
1384 721 1460 778 litt
1790 723 1854 787 379

473 883 558 946 caret,
577 881 724 951 respondit
741 880 844 935 Doctor
862 879 1012 934 Martinus:
1038 880 1120 935 ‘Esto
1139 881 1215 935 facto
1235 881 1273 936 sit
1290 881 1436 947 innocens,
1459 898 1514 937 non
1537 884 1632 937 tamen
1651 885 1752 954 specie.
1789 883 1856 940 Rus

472 971 517 1041 but
535 985 563 1027 rt
579 969 609 1026 in
627 970 758 1039 tremitur
776 970 880 1041 beuirru
899 968 1064 1024 absentibus
1077 971 1187 1025 maritis
1205 972 1334 1042 petiuerit
1364 971 1428 1041 Ipse
1441 971 1529 1027 habet
1542 971 1689 1043 conjugem
1703 974 1855 1043 propriam,

473 1075 500 1116 et
517 1060 593 1117 bute
617 1059 661 1129 lid
683 1059 729 1115 tes
747 1059 822 1116 uteie
845 1059 898 1116 tuot
920 1059 1034 1130 tutetuu
1056 1062 1191 1132 scireburn.
1229 1059 1289 1130 Ego
1313 1059 1378 1114 nolo
1400 1059 1507 1115 talibus
1529 1062 1714 1131 patrocinari,
1736 1063 1856 1132 peccant

473 1150 548 1204 enim
571 1148 655 1204 otiosi
677 1149 708 1202 in
731 1147 891 1204 libertatem
914 1148 1061 1218 evangelii.
1099 1149 1175 1205 Satis
1198 1149 1289 1204 oneris
1311 1149 1478 1204 haberemus
1502 1152 1531 1205 et
1548 1151 1740 1206 molestiarum
1758 1152 1788 1206 in
1807 1152 1855 1205 de-

472 1236 613 1294 fendendo
639 1236 770 1308 conjugio
793 1237 983 1304 sacerdotum,
1010 1240 1040 1292 et
1063 1236 1196 1292 debemus
1221 1238 1314 1293 adhuc
1341 1235 1414 1294 ferre
1437 1238 1489 1293 illa
1512 1239 1645 1294 scandala
1668 1240 1854 1296 scortationis.

472 1328 533 1384 itur
549 1328 597 1384 teu
615 1326 672 1396 inei
689 1326 768 1398 meoli
786 1327 853 1383 Doti
871 1328 973 1399 tabuit:
990 1327 1066 1395 uidi
1084 1327 1133 1396 {ide
1155 1328 1238 1384 uolt:
1256 1327 1357 1384 melnen
1376 1328 1431 1399 tout
1449 1328 1528 1399 lether
1546 1328 1612 1400 uidit
1630 1329 1720 1399 suom.
1757 1329 1855 1384 Pasto-

472 1416 551 1471 ribus
578 1418 607 1470 et
632 1414 768 1469 ministris
791 1416 868 1470 verbi
892 1432 1066 1486 summopere
1089 1416 1247 1470 sudandum
1270 1420 1326 1486 est,
1352 1419 1386 1471 ut
1413 1417 1495 1472 caute
1523 1418 1552 1473 et
1579 1418 1724 1473 sinceriter
1751 1419 1856 1487 vivant,

473 1506 541 1574 quia
563 1521 659 1559 omnes
681 1504 779 1560 linceis
802 1503 891 1560 oculis
913 1505 943 1559 in
966 1504 1030 1560 illos
1054 1505 1243 1575 conspiciunt,
1267 1507 1418 1576 praecipue
1440 1506 1562 1573 nobiles,
1585 1507 1634 1577 qui
1657 1507 1724 1578 (Ser.
1744 1506 1789 1566 231.
1809 1509 1854 1578 pr)

473 1594 600 1665 gaudent
616 1594 729 1649 illorum
748 1594 930 1649 confusione!

688 1771 777 1828 714⁶.
806 1773 908 1843 resp:
925 1772 1127 1830 emmeno.

562 1881 666 1951 Aesopi
683 1880 795 1935 fabulas
813 1879 992 1936 vehementer
1004 1880 1154 1936 laudabat:
1174 1881 1282 1953 Dignas
1296 1897 1365 1948 esse,
1385 1884 1417 1936 ut
1430 1882 1648 1938 transferrentur
1665 1884 1695 1937 et
1707 1882 1856 1952 injustum

474 1970 601 2025 ordinem
623 1972 653 2025 et
671 1970 774 2025 classes
791 1970 999 2041 redigerentur:
1022 1986 1082 2024 esse
1100 1971 1176 2025 enim
1194 1970 1297 2025 librum
1320 1988 1377 2026 non
1399 1972 1436 2026 ab
1457 1989 1512 2025 uno
1530 1971 1643 2027 homine
1661 1972 1856 2043 compositum,

473 2060 523 2114 sed
547 2060 678 2114 amultis
696 2058 847 2114 multorum
865 2058 1039 2114 saeculorum
1061 2059 1222 2114 bominibus
1247 2060 1399 2130 diligenter
1422 2077 1482 2116 csse
1505 2062 1648 2132 scriptum.
1685 2061 1751 2117 Ideo
1774 2061 1856 2117 valde

472 2149 543 2204 utile
561 2165 635 2217 esse,
657 2151 690 2203 ut
712 2147 874 2218 quirillum
893 2148 999 2219 optime
1016 2149 1185 2204 tanslatum
1205 2149 1283 2219 justo
1302 2151 1399 2205 ordine
1420 2152 1564 2208 statueret.
1601 2150 1705 2207 Graves
1722 2151 1856 2207 historias

472 2239 502 2293 in
523 2246 545 2292 1.
566 2238 682 2306 librum,
705 2254 778 2307 quae
796 2237 985 2293 sententiosas
1003 2239 1061 2292 sint
1079 2240 1108 2292 et
1125 2240 1294 2294 vetustatem
1315 2240 1455 2308 redolent,
1478 2240 1563 2296 utiles
1586 2240 1772 2311 reipublicae,
1796 2256 1857 2297 esse

473 2328 696 2398 congregandas:
721 2327 844 2382 ‘Deinde
867 2327 1059 2382 concinniores
1087 2328 1116 2381 in
1140 2334 1163 2382 2.
1188 2328 1305 2395 librum,
1337 2329 1463 2399 reliquae
1491 2329 1521 2383 in
1547 2334 1570 2384 3.
1598 2329 1783 2401 seponendae.
1820 2329 1857 2385 Et

473 2418 525 2472 Dei
544 2417 720 2488 providentia
738 2415 845 2471 facturn
863 2419 919 2485 est,
943 2417 1018 2485 quod
1037 2416 1151 2472 Catonis
1169 2418 1199 2472 et
1216 2417 1320 2488 Aesopi
1339 2419 1444 2489 scripta
1466 2419 1496 2472 in
1515 2418 1618 2474 scholis
1636 2421 1857 2489 permenserunt,

472 2524 539 2562 nam
556 2508 674 2578 uterque
693 2506 765 2561 liber
782 2509 826 2563 est
843 2506 1037 2578 gravissimus:
1061 2506 1108 2562 hic
1125 2507 1211 2562 verba
1231 2510 1260 2562 et
1278 2508 1431 2578 praecepte
1448 2508 1536 2563 habet
1553 2508 1677 2563 omnium
1695 2508 1856 2576 utilissime,

473 2596 522 2651 ille
540 2613 584 2651 res
603 2598 632 2651 et
650 2596 774 2666 picturas
792 2596 880 2651 habet
897 2597 1022 2651 omnium
1036 2596 1264 2665 jucundissimas.
1303 2596 1332 2651 Si
1350 2597 1469 2653 morelia
1487 2596 1676 2653 adhibeantur
1696 2597 1857 2653 adolescen-

473 2685 563 2753 tibus,
586 2684 706 2740 multum
729 2685 886 2740 aedificant.
925 2684 1053 2753 Summa,
1075 2687 1141 2756 post
1162 2685 1254 2741 biblia
1272 2685 1386 2741 Catonis
1404 2688 1434 2742 et
1451 2687 1554 2757 Aesopi
1574 2688 1679 2757 scripta
1699 2703 1743 2742 me
1759 2686 1856 2757 judice

473 2777 540 2829 sunt
557 2775 673 2845 optima,
694 2773 811 2829 meliora
828 2774 953 2830 omnium
971 2774 1203 2846 philosophorum
1222 2779 1251 2831 et
1265 2775 1486 2846 juredicentinm
1505 2775 1598 2832 lacera
1616 2775 1765 2844 sententia,
1784 2776 1858 2831 sicut

474 2864 602 2920 Donatus
621 2866 665 2919 est
682 2864 805 2933 optimus
824 2864 1045 2935 grammaticus!

563 2971 672 3027 Deinde
689 2972 820 3026 recitarit
838 2971 947 3039 aliquot
965 2972 1077 3027 fabulas
1095 2989 1209 3044 maes:

564 3084 586 3131 1.
611 3079 653 3134 De
670 3078 738 3148 lupo
757 3080 786 3132 st
803 3094 862 3132 ove.
889 3078 954 3135 'Der
976 3079 1040 3148 uolt
1062 3079 1130 3148 (Ser.
1150 3080 1195 3138 iil.
1211 3083 1238 3149 8)
1261 3081 1330 3137 tooit
1354 3082 1409 3138 tear
1432 3080 1553 3150 ideliteiu
1576 3096 1621 3152 sur
1643 3079 1711 3149 „Du
1730 3081 1783 3151 batt
1806 3080 1858 3137 mir

474 3170 523 3224 tad
541 3168 628 3235 mutin
646 3169 774 3240 octabis‘
810 3167 978 3237 Respondit:
999 3168 1109 3235 „traua
1127 3169 1197 3238 netu,
1216 3169 1317 3242 iruulta
1336 3170 1394 3239 bod]
1412 3171 1475 3226 ubre
1492 3169 1552 3226 uuit.
1586 3168 1799 3239 simplicissime
1812 3186 1856 3223 res

473 3259 538 3327 ipsa
551 3273 581 3312 se
594 3260 734 3311 excusat.“
767 3256 962 3329 „Debuitmir
980 3257 1020 3314 tie
1039 3258 1178 3326 usitetur
1196 3260 1252 3315 tem
1271 3259 1353 3315 truite
1371 3259 1543 3329 uigebattst.‘¹
1576 3258 1743 3329 Respondit:
1764 3258 1857 3327 „bute

475 3348 509 3417 id
534 3349 591 3418 bod)
614 3347 681 3404 icius
699 3347 885 3419 subruerint,
904 3347 950 3404 tiu
968 3347 1029 3416 uod
1047 3346 1142 3416 iuud.“
1179 3347 1269 3402 Dixit:
1290 3347 1377 3429 „Dein
1396 3352 1467 3405 nater
1489 3348 1535 3418 bot
1558 3347 1600 3404 eiu
1619 3347 1760 3404 uibrauit
1778 3346 1857 3403 mes:

474 3437 641 3507 Respondit:
666 3437 749 3505 „iilos
768 3438 839 3508 mugi
856 3437 892 3506 ld:
911 3437 995 3494 ΜΝ
1027 3436 1153 3491 Tandem
1171 3436 1255 3506 lupus
1274 3436 1408 3507 erumpit:
1433 3435 1501 3506 „Dei
1519 3437 1546 3503 io
1564 3437 1645 3507 llupt,
1665 3437 1708 3493 uid
1727 3438 1761 3493 bu
1783 3436 1857 3506 milii,

474 3527 526 3596 rid:
546 3526 771 3598 pumtldpulbipeu,
790 3524 826 3595 ld:
845 3532 906 3581 mue
924 3526 1033 3595 emund
1052 3526 1166 3595 tricast

563 3623 587 3669 t.
616 3615 701 3669 Aliud
721 3614 887 3684 exemplum,
906 3615 941 3670 de
956 3614 1174 3685 ingratitudine:
1194 3614 1236 3671 De
1254 3616 1321 3687 lupo
1340 3618 1459 3686 etgrue.
1492 3615 1570 3685 Lupo
1589 3631 1693 3685 agnum
1711 3613 1858 3669 devoranti

475 3723 505 3757 os
524 3704 554 3758 in
573 3704 645 3758 collo
663 3704 741 3759 illius
764 3705 877 3760 restitit
913 3704 1069 3774 implorans
1091 3720 1202 3774 gruem,
1225 3707 1258 3760 ut
1280 3705 1342 3775 ipse
1365 3722 1415 3759 sno
1437 3704 1523 3774 longo
1545 3706 1635 3758 rostro
1658 3720 1689 3758 os
1712 3702 1857 3772 exipsius

474 3796 589 3864 gutture
607 3796 755 3848 amoveret.
793 3793 853 3860 Quo
876 3794 952 3849 lacto
974 3812 1041 3864 grus
1064 3793 1219 3863 praemium
1242 3795 1332 3864 petiit.
1370 3793 1527 3865 Respondit
1549 3793 1644 3864 lupus:
1669 3792 1745 3862 „eui
1763 3792 1799 3862 td:
1817 3792 1859 3849 u:

475 3885 536 3952 uod
559 3883 657 3939 Ioueu‘l
690 3883 749 3940 Dos
768 3883 820 3953 tid)
839 3882 873 3941 (ὅ.
889 3883 981 3941 Delion
1001 3884 1143 3940 aulommei
1176 3882 1223 3940 Du
1241 3884 1299 3954 lut
1317 3884 1377 3953 nutis
1396 3883 1448 3940 mir
1465 3883 1581 3952 bardan,
1605 3884 1654 3939 tus
1677 3882 1711 3952 td,
1730 3881 1771 3939 tir
1793 3881 1859 3950 uidi

475 3973 538 4042 tabe
556 3974 605 4028 ten
623 3972 684 4042 bais
702 3971 869 4043 obpetiiicuf‘

563 4068 588 4114 3.
617 4059 682 4114 lilia
700 4060 810 4127 fabula,
833 4061 883 4116 ubi
898 4060 945 4131 jus
968 4063 998 4117 et
1015 4062 1069 4117 vis:
1093 4062 1135 4117 De
1153 4062 1266 4117 leonina
1284 4062 1427 4117 societate.
1465 4062 1520 4116 Ieo
1543 4077 1607 4116 oum
1627 4061 1708 4130 lupo,
1731 4059 1811 4115 asino
1830 4061 1860 4114 et

475 4165 544 4204 cane
562 4165 672 4204 cervam
691 4150 805 4218 capiens
824 4152 933 4220 partem
951 4151 1047 4221 petiit,
1071 4151 1120 4206 sed
1138 4152 1223 4222 lupus
1241 4150 1387 4206 famelicus
1411 4150 1440 4206 in
1459 4152 1593 4220 quattuor
1613 4151 1745 4221 aequales
1763 4150 1858 4220 partes

475 4238 647 4293 distribuens
670 4255 688 4292 a
706 4237 786 4293 leone
809 4241 853 4293 est
866 4239 1027 4310 jugulatus:
1051 4242 1094 4297 ber
1116 4241 1166 4312 flod
1188 4241 1216 4297 iu
1239 4241 1279 4298 ti:
1302 4240 1383 4312 doubt
1405 4241 1467 4297 utet
1490 4239 1530 4297 ti:
1554 4241 1639 4311 obser.
1676 4239 1782 4294 Videns
1805 4239 1859 4293 hoc

475 4327 571 4381 asinus
599 4346 695 4383 ornnes
722 4329 856 4396 quattuor
878 4331 973 4397 partes
1001 4328 1076 4384 leoni
1103 4329 1211 4385 tribuit.
1248 4330 1435 4401 Interrogavit
1462 4328 1518 4384 leo:
1547 4329 1629 4397 ,uae
1652 4330 1696 4400 bat
1718 4329 1770 4398 tiu
1796 4327 1859 4398 bitte

476 4417 575 4488 teituup
594 4419 726 4488 peierett⁰
759 4417 927 4488 Respondit:
947 4417 1014 4486 (Ser.
1030 4417 1074 4475 et.
1091 4419 1136 4487 Si)
1155 4419 1227 4488 „Der
1240 4421 1329 4476 tuctur
1342 4419 1380 4475 iru
1394 4420 1486 4491 ratden
1500 4418 1630 4475 bereittl¹‘
1657 4418 1859 4472 Demonstmns

476 4507 512 4561 ad
531 4507 628 4577 lupum
647 4500 839 4563 dilaceratum.

808 4595 896 4665 Felix,
915 4613 998 4665 quem
1017 4597 1126 4652 iaciunt
1144 4597 1238 4652 aliena
1256 4597 1381 4667 pericula
1400 4598 1526 4652 cautum!

566 4708 589 4757 4.
618 4703 684 4757 Alia
701 4702 812 4758 fabula:
831 4703 894 4758 Non
907 4702 1013 4772 ubique
1027 4704 1122 4759 omnia
1136 4720 1196 4759 esse
1211 4704 1338 4760 dicenda.
1371 4706 1427 4761 Leo
1445 4705 1541 4759 omuia
1559 4704 1716 4759 animantia
1730 4702 1861 4759 invitavit

476 4793 605 4846 insuam
628 4792 793 4862 speluncam
815 4792 889 4848 male
912 4792 1041 4849 olentem.
1077 4794 1257 4862 Interrogans
1279 4795 1391 4865 lupum,
1414 4794 1554 4863 quomodo
1577 4793 1677 4858 oleret,
1701 4792 1750 4847 ille
1774 4792 1859 4848 dixit:

477 4883 533 4950 „es
556 4881 662 4951 ffiudt.“
698 4881 806 4938 Deinde
830 4882 925 4936 asinus
949 4881 1059 4937 adulari
1087 4884 1203 4954 cupiens
1230 4882 1314 4939 dixit:
1344 4885 1404 4953 „Di
1426 4884 1508 4953 teudi
1531 4884 1610 4939 tveifl
1647 4882 1753 4952 Vulpes
1775 4883 1860 4938 tertio

476 4971 665 5042 interrogatus
684 4971 769 5026 dixit:
794 4971 864 5041 „8:12
883 4972 947 5042 bute
965 4972 1013 5028 beu
1031 4971 1198 5042 iduubeeu.“
1234 4972 1334 5029 Nonne
1353 4975 1421 5043 apta
1439 4971 1622 5043 proverbialis
1641 4974 1685 5027 est
1701 4972 1858 5042 responsio:

477 5059 543 5129 „Sd
562 5061 625 5131 bute
644 5063 692 5117 teu
710 5060 885 5130 idnunueffl?
913 5060 945 5113 ld
963 5063 1014 5130 est,
1033 5077 1089 5115 non
1107 5061 1176 5116 licet
1193 5079 1386 5132 quaecumque
1404 5061 1504 5118 dicere.
