4667 6109
476 696 543 762 206
877 692 1038 765 numan,
1057 693 1111 754 nir
1129 692 1284 765 §littam
1304 702 1357 754 cea
1376 692 1453 752 1540
1643 693 1697 753 ut.
1712 692 1782 761 m,
1797 693 1854 750 877

474 862 600 928 creatur
626 860 734 925 anima
762 881 834 925 cum
862 880 994 945 corpore
1019 862 1131 925 contra
1152 860 1335 945 Platonem,
1363 863 1395 925 et
1418 859 1504 945 quod
1527 881 1637 925 omnes
1659 862 1860 948 oppugnant,

473 988 534 1053 ego
557 967 660 1033 sentio
681 967 821 1032 animam
839 989 906 1033 uon
923 966 1120 1033 extrinsecus
1138 967 1295 1052 accedere,
1318 965 1373 1032 sed
1392 989 1431 1031 ex
1449 967 1582 1033 materia
1600 967 1730 1032 seminis
1749 966 1859 1045 creari,

474 1073 607 1140 ethaeo
629 1078 678 1139 est
700 1095 772 1138 mea
794 1074 885 1157 ratio,
909 1073 993 1159 quia,
1017 1074 1045 1138 si
1067 1074 1196 1139 aliunde
1217 1073 1389 1157 accederet,
1412 1077 1482 1139 tum
1505 1074 1598 1139 fieret
1619 1075 1726 1140 anima
1743 1074 1859 1139 saltem

473 1179 697 1269 contagione⁴)
729 1181 827 1265 mala,
859 1179 915 1246 sed
946 1180 1052 1245 anima
1083 1201 1149 1245 non
1182 1184 1231 1246 cst
1262 1202 1320 1265 per
1351 1180 1496 1247 accidens
1524 1181 1621 1265 mala,
1653 1179 1708 1246 sed
1735 1184 1859 1246 natura

472 1286 578 1376 Igitur
608 1287 750 1353 nascitur
781 1309 820 1352 ex
853 1292 1004 1371 corrupta
1030 1287 1164 1354 materia
1192 1290 1225 1352 et
1251 1284 1402 1374 semine⁶)
1430 1290 1464 1353 et
1489 1309 1509 1352 a
1536 1285 1605 1354 Deo
1633 1284 1792 1376 creatur⁶)
1819 1309 1859 1353 ex

474 1395 607 1460 materia
629 1394 763 1460 masculi
785 1399 818 1460 et
840 1393 1006 1460 femellae?

564 1533 653 1588 nan.
668 1533 703 1588 Ν.
718 1538 752 1588 se
771 1537 853 1602 extr.;
872 1532 954 1589 ooth.
969 1535 1000 1589 Β.
1016 1540 1076 1602 ree,
1091 1534 1152 1601 πὸς
1172 1533 1246 1588 ffin.
1262 1533 1341 1602 recu
1359 1532 1448 1589 cneo.
1466 1539 1524 1590 roe.

566 1679 591 1747 1)
609 1676 657 1735 ar.
678 1682 739 1745 ccl,
759 1684 773 1731 1
793 1678 847 1734 nub
865 1682 890 1733 8.
930 1708 962 1718 -
999 1680 1026 1747 2)
1049 1675 1149 1744 chen,
1168 1675 1267 1749 dtulida
1286 1676 1374 1731 lieth.
1393 1677 1428 1731 N.
1447 1677 1501 1733 cub
1519 1675 1607 1731 Hira:
1632 1678 1664 1746 -Ι-
1684 1675 1761 1745 quod
1779 1675 1860 1742 dicit,

473 1765 595 1821 animam
615 1782 676 1821 esse
694 1781 728 1820 ex
747 1766 871 1821 traduce.
910 1799 942 1808 -
980 1769 1006 1836 8)
1027 1772 1050 1820 1.
1070 1766 1139 1820 Mos.
1158 1771 1184 1833 2,
1200 1771 1223 1819 7.
1262 1798 1295 1806 -
1332 1769 1360 1837 4)
1376 1765 1455 1835 tert:
1474 1766 1659 1837 cogitatione3
1678 1764 1740 1820 Par.
1759 1765 1858 1836 rtmttg.

473 1887 508 1895 -
541 1857 568 1924 ὁ)
586 1854 661 1910 Pan:
682 1887 715 1896 -
734 1858 763 1910 et
781 1855 900 1922 semine3
918 1860 952 1924 4-
971 1870 1059 1924 qnare
1078 1854 1178 1920 sentio,
1196 1854 1320 1909 animam
1339 1871 1373 1911 ex
1391 1854 1516 1910 maduca.
1550 1886 1582 1896 -
1620 1858 1647 1922 c)
1665 1853 1741 1910 Pan:
1761 1854 1859 1909 creari.

688 2051 770 2122 376.
803 2052 1033 2141 Inocndiarii¹)
1056 2054 1302 2138 Anadaptistae;
1325 2053 1520 2120 Donatistae.

561 2179 646 2268 ‘Ego
675 2179 783 2265 credo,
809 2179 1041 2265 anabaptistae,
1069 2180 1124 2264 qui
1152 2201 1187 2245 se
1211 2179 1363 2263 jactitant
1388 2177 1532 2265 Angelos
1558 2176 1631 2262 Dei,
1658 2178 1792 2243 emissos
1819 2176 1861 2242 ad

473 2287 698 2373 purgationem
726 2285 851 2370 mundi,
878 2287 913 2351 in
939 2307 1023 2351 anno
1045 2284 1112 2370 40„
1139 2308 1209 2352 csse
1235 2285 1460 2370 incendiarios,
1486 2285 1563 2370 qnia
1589 2307 1623 2350 se
1649 2284 1736 2368 ipsos
1763 2285 1860 2349 inter·

474 2392 588 2459 ficiunt
613 2397 645 2458 et
667 2392 749 2458 nihil
772 2392 915 2458 fatentur
937 2397 970 2458 et
993 2392 1139 2477 credunt,
1167 2414 1202 2457 se
1223 2393 1294 2458 fieri
1317 2396 1487 2477 martyres,
1513 2397 1551 2457 ut
1572 2390 1776 2476 Donatistae,
1804 2390 1861 2475 qui

473 2500 730 2586 praecipitabant
756 2522 790 2565 se
819 2501 853 2565 in
879 2521 993 2585 aquas,
1021 2498 1060 2565 de
1087 2499 1230 2564 turribus
1258 2502 1291 2564 et
1317 2499 1403 2565 saxis
1430 2503 1464 2565 et
1489 2498 1641 2584 petebant
1662 2521 1683 2564 a
1704 2502 1861 2583 praetere

474 2608 621 2692 antibus,
655 2612 693 2673 ut
729 2607 949 2673 occiderentur
983 2611 1016 2672 et
1051 2606 1165 2672 fierent
1201 2611 1365 2692 martyres.
1421 2604 1540 2672 Contra
1571 2627 1652 2691 quos
1684 2604 1862 2689 disputavit

473 2712 708 2803 Augustinus’)
731 2719 765 2780 et
786 2713 877 2780 dicit:
908 2711 1003 2798 „Non
1024 2735 1141 2798 poena,
1163 2713 1220 2779 sed
1243 2734 1338 2780 causa
1359 2713 1439 2779 iacit
1460 2711 1676 2799 martyrem.“’

563 2837 651 2894 nath.
666 2836 701 2891 N.
718 2841 769 2892 ree
783 2836 836 2904 ως
855 2834 937 2891 Goth.
951 2836 983 2890 Β.
1000 2841 1060 2905 ree,
1074 2842 1117 2891 ca.

565 2983 591 3051 1)
610 2979 692 3051 &itte
710 2979 757 3036 itt.
778 2984 882 3049 805,1.
912 3011 945 3019 -
977 2984 1005 3050 2)
1023 2980 1100 3049 tert:
1119 2977 1236 3049 Anglue.
1273 2977 1431 3048 &astanti
1451 2979 1496 3050 ce
1516 2976 1633 3047 alleabar
1651 2977 1691 3035 bie
1705 2976 1860 3048 tibilitanas

475 3067 741 3213 ἵὲὔὲαιῐξιᾝίώί
760 3069 922 3140 υσβαιὼιιις
944 3067 1006 3122 Par.
1027 3067 1123 3139 τίᾶιῒίᾳ.
1160 3067 1219 3137 ssnr
1237 3066 1319 3137 &aas
1342 3068 1395 3138 aql.
1416 3066 1506 3122 Math.
1525 3066 1559 3120 N.
1581 3071 1640 3131 158,
1659 3072 1689 3132 ὅς
1712 3064 1861 3137 tuatim

689 3299 772 3370 377.
804 3301 959 3368 Diabate
980 3309 1119 3369 occaecat
1141 3302 1359 3386 anabaptistae
1381 3307 1409 3368 et
1430 3301 1545 3368 astos.

563 3425 664 3511 „tibet
691 3426 749 3495 bat
777 3425 813 3512 ilt
840 3424 1033 3514 wandalici),
1061 3428 1147 3512 quod
1175 3428 1221 3492 sic
1249 3431 1459 3493 contemnunt
1485 3431 1622 3493 mortem
1649 3430 1682 3490 et
1708 3447 1773 3490 non
1796 3447 1861 3491 me

475 3535 599 3600 tuuntf‘
644 3534 708 3599 Sed
729 3533 852 3600 Doctor
878 3535 997 3618 inquit:
1029 3533 1100 3616 ‘Sa
1127 3534 1176 3600 illi
1203 3555 1269 3599 non
1295 3534 1482 3620 intelligunt
1507 3538 1673 3618 peccatum
1698 3552 1758 3597 nec
1780 3533 1861 3596 iram

476 3640 546 3725 Dei,
569 3641 615 3706 sic
638 3646 848 3707 excaecantur
870 3664 889 3706 a
911 3641 1059 3707 Diabolo.
1102 3640 1206 3718 Quare
1229 3663 1295 3706 non
1318 3643 1489 3727 anguntur,
1510 3645 1548 3706 ut
1570 3640 1681 3725 sancti,
1703 3640 1759 3723 qui
1782 3638 1862 3705 haec

475 3749 584 3813 omnia
606 3747 757 3814 sentiunt.
797 3747 954 3814 Diabolus
977 3749 1062 3813 enim
1086 3749 1229 3833 ipsorum
1253 3769 1345 3813 aures
1368 3752 1401 3813 et
1422 3748 1547 3812 animos
1569 3751 1658 3812 tenet
1678 3750 1863 3831 occupatos,

476 3853 534 3923 tae
558 3852 597 3939 [te
619 3853 714 3941 aictts
739 3854 840 3939 taren,
864 3873 935 3924 mco
959 3854 1018 3941 lca,
1040 3862 1108 3923 noc
1131 3872 1203 3923 mon
1226 3852 1299 3936 nili,
1323 3853 1401 3923 bean
1423 3860 1490 3922 aas
1514 3851 1553 3939 [ie
1574 3850 1607 3920 in
1626 3850 1672 3938 [in
1689 3850 1802 3939 tabem
1823 3856 1862 3917 ut

476 3967 509 4028 et
531 3961 687 4027 Diabolus
710 3963 849 4028 infatuet
872 3963 998 4049 stultos,
1021 3967 1058 4028 ut
1077 3962 1160 4028 nihil
1178 3960 1318 4047 audiant,
1340 3961 1403 4026 nisi
1420 3961 1508 4045 quod
1526 3961 1605 4046 ipsis
1624 3961 1659 4026 in
1675 3961 1784 4026 animo
1803 3964 1862 4025 est

477 4067 558 4134 Cum
582 4068 700 4134 dixeris
722 4069 763 4134 ad
785 4070 976 4136 morionem:
1006 4069 1119 4154 „Bibel
1165 4067 1254 4134 Haec
1276 4072 1326 4134 est
1347 4069 1525 4152 cerevisia“,
1546 4066 1675 4155 ridet¹):
1703 4065 1791 4152 „aa
1814 4066 1862 4132 in·

477 4176 560 4262 quit,
588 4175 671 4241 nihil
694 4177 774 4241 estl‘
820 4175 874 4243 Sic
896 4174 1138 4263 ffiteitenbcdff),
1161 4172 1231 4262 (rel
1245 4173 1318 4263 35¹³)
1341 4173 1519 4263 Pistoris³),
1543 4173 1689 4243 toletan
1712 4172 1777 4259 lint
1800 4172 1862 4242 nc!

476 4280 553 4370 fouit
575 4281 609 4350 in
632 4283 723 4350 metat
745 4282 872 4367 [jethela
897 4281 971 4368 ilua,
995 4284 1050 4348 sed
1073 4282 1126 4348 hic
1148 4281 1243 4368 plane
1266 4283 1425 4349 excaecati
1447 4305 1514 4348 non
1536 4283 1671 4348 audiunt
1694 4303 1763 4369 nos,
1786 4281 1863 4366 quia

475 4390 597 4456 habent
625 4394 813 4475 conceptam
842 4391 1046 4474 sententiam,
1073 4394 1106 4455 et
1133 4391 1160 4455 si
1188 4389 1363 4477 ingerimus
1391 4389 1513 4474 aliquid
1538 4390 1571 4455 in
1595 4390 1737 4474 ipsorum
1760 4410 1862 4473 aures,

477 4498 595 4581 rident,
627 4502 664 4563 ut
695 4499 857 4563 naturales
889 4498 1057 4564 moriones.
1107 4496 1179 4585 Ego
1212 4496 1314 4563 multa
1346 4497 1475 4581 disputo
1508 4497 1547 4562 de
1578 4498 1650 4583 lege
1678 4497 1862 4563 damnante:

476 4604 630 4691 Agricola
658 4603 731 4671 tons
758 4603 836 4688 uidit
860 4602 967 4693 littera
994 4622 1025 4672 et
1049 4602 1100 4691 tot
1122 4603 1232 4672 catere
1255 4605 1413 4689 principia
1435 4602 1477 4671 im
1501 4602 1621 4691 tracen.
1668 4602 1767 4673 neno
1790 4621 1862 4671 mon

476 4710 554 4798 icat:
576 4709 740 4797 „Avaritia
762 4716 795 4777 et
817 4733 914 4777 usura
936 4716 985 4778 est
1008 4716 1120 4777 contra
1138 4711 1272 4796 Deum“‚
1294 4710 1333 4779 bo
1355 4710 1429 4798 Icttt
1447 4708 1676 4798 idiotismum)
1699 4709 1761 4778 aab
1785 4709 1863 4796 {nott

477 4817 577 4906 uniet,
605 4823 641 4884 ut
669 4819 765 4885 etiam
794 4818 877 4884 dixit
903 4818 1080 4884 Londensis
1107 4819 1148 4884 ad
1175 4815 1408 4905 Philippum⁶),
1437 4823 1559 4884 exteras
1586 4819 1732 4884 nationes
1759 4818 1863 4884 ridere

478 4931 618 4991 nostram
647 4927 852 5011 sententiam,
880 4925 967 5009 quod
992 4925 1238 4991 iomicationem
1265 4930 1450 5011 putaremus
1478 4947 1546 4990 esse
1573 4930 1748 5010 peccatam.
1792 4923 1863 4993 Unb

477 5046 564 5101 ncnc
592 5031 650 5100 boc
678 5029 866 5118 euangelium
894 5030 971 5118 citit
998 5031 1098 5099 tamen
1126 5046 1216 5115 nete,
1243 5031 1273 5119 lo
1302 5045 1363 5099 net
1390 5037 1471 5117 aaut
1495 5031 1666 5098 Germania
1692 5030 1746 5099 tec
1769 5030 1862 5118 tinae
