4667 6109
541 701 606 767 362
939 698 1102 772 littrtttra
1121 707 1173 763 aas
1193 699 1369 772 tantatus
1388 701 1523 774 tantm
1794 701 1850 762 ατ.
1865 703 1926 759 208

628 864 684 953 (6.
703 865 783 954 209)
824 867 854 932 3.
886 866 1118 933 promissiones
1150 889 1216 931 non
1248 868 1282 932 in
1313 868 1376 932 hoc
1407 868 1522 932 dantur
1554 869 1698 952 proprie,
1728 871 1766 932 nt
1796 869 1925 954 gratiae

539 973 609 1039 Deo
633 977 781 1059 agantur,
808 973 864 1039 sed
892 977 929 1039 ut
950 974 1045 1039 rebus
1073 974 1239 1058 promissis
1263 974 1420 1059 fruamur,
1447 978 1484 1039 ut
1512 974 1638 1059 quando
1661 973 1747 1039 Dens
1770 975 1925 1058 promisit

539 1080 702 1146 Abraham
721 1081 916 1165 posteritatis
937 1081 1237 1166 multiplicationem
1244 1077 1281 1169 ¹),
1297 1103 1364 1146 non
1381 1082 1444 1147 hoc
1461 1081 1590 1167 propria
1608 1082 1684 1168 egit,
1702 1085 1739 1146 nt
1754 1080 1924 1147 Abraham

539 1188 581 1253 ad
602 1189 775 1274 gratiarum
799 1189 957 1253 actionem
981 1190 1132 1254 excitaret
1152 1227 1193 1235 —
1214 1189 1360 1273 quamvis
1383 1192 1416 1253 et
1438 1189 1500 1254 hoc
1523 1189 1655 1255 accessit
1672 1226 1729 1274 —,
1752 1188 1807 1254 sed
1830 1191 1924 1254 utin

540 1294 724 1360 Abrahamo
752 1295 848 1360 fidem
876 1295 1016 1361 efficeret
1043 1300 1075 1360 et
1101 1319 1159 1381 per
1181 1295 1276 1361 fidem
1302 1295 1500 1381 justificaret.
1546 1295 1591 1360 Et
1612 1292 1762 1375 Davidi⁸)
1783 1317 1923 1383 regnum

539 1403 690 1487 promisit
715 1423 782 1467 non
809 1403 842 1467 in
869 1402 931 1467 hoc
957 1404 1100 1488 proprie,
1126 1407 1163 1468 ut
1188 1404 1308 1490 gratiae
1331 1406 1515 1490 agerentur,
1542 1403 1598 1468 sed
1625 1407 1662 1468 ut
1687 1402 1793 1469 David
1819 1425 1924 1490 regno

540 1510 712 1594 potiretur,
743 1532 807 1593 quo
839 1509 952 1574 deinde
983 1510 1017 1574 in
1044 1508 1166 1575 Davide
1194 1511 1367 1597 gratiarum
1396 1511 1480 1575 actio
1509 1512 1648 1576 excitata
1674 1514 1724 1575 ast
1755 1513 1924 1595 tamqnam

539 1617 663 1682 fructus
686 1621 888 1702 acceptorum
913 1617 1077 1700 donorum,
1100 1639 1165 1682 non
1184 1622 1349 1702 tamquam
1370 1639 1466 1683 causa
1489 1618 1718 1703 promissionis.
1759 1616 1798 1683 In
1822 1640 1925 1683 coena

540 1728 647 1789 autem
670 1722 840 1789 Dominico
861 1725 1090 1809 promissiones
1114 1724 1257 1810 corporis
1280 1729 1314 1789 et
1336 1726 1501 1812 sanguinis
1525 1746 1594 1810 seu,
1619 1729 1656 1789 ut
1678 1725 1784 1790 verius
1808 1725 1926 1809 dicam,

540 1835 721 1916 praesentes
745 1831 957 1897 exhibitiones
980 1832 1108 1917 dantur,
1136 1836 1185 1896 est
1211 1832 1311 1919 igitur
1338 1834 1486 1898 instituta
1511 1853 1610 1898 coena
1636 1832 1678 1897 ad
1700 1832 1925 1917 accipiendum

540 1938 661 2023 aliquid
685 1961 703 2002 a
721 1938 800 2022 Deo,
823 1939 968 2022 quamvis
991 1939 1074 2026 grati
1093 1940 1193 2004 animi
1211 1939 1262 2022 sit,
1284 1938 1468 2025 accipiendo
1487 1940 1607 2005 donum
1626 1939 1756 2004 reddere
1774 1941 1925 2027 gratiam.

628 2045 657 2108 4.
690 2043 771 2111 Item
800 2043 977 2133 Christns4)
1005 2047 1123 2130 inquit:
1152 2046 1247 2131 „Hoc
1274 2047 1370 2112 facite
1397 2047 1430 2112 in
1458 2047 1521 2113 mci
1548 2047 1926 2112 commemorationem!“

540 2151 585 2217 Et
607 2149 772 2239 Paulus⁶):
794 2152 1087 2239 „Quotiescumque
1109 2154 1375 2220 manducaveritis
1398 2160 1467 2239 etc,
1489 2158 1626 2219 mortem
1645 2153 1777 2219 Domini
1798 2176 1925 2220 annun-

541 2260 690 2326 tiabitis.“
734 2259 807 2326 Jam
839 2261 896 2325 illa
926 2261 1127 2326 annuntiatio
1159 2283 1225 2326 non
1254 2266 1304 2326 ast
1334 2263 1462 2347 propria
1495 2263 1642 2327 instituta
1673 2261 1713 2326 ad
1746 2262 1925 2347 gratiarum

541 2368 715 2450 actionem,
743 2368 798 2433 sed
825 2368 864 2432 ad
892 2369 1091 2434 excitandam
1119 2368 1214 2433 fidem
1244 2371 1276 2434 et
1303 2369 1485 2455 erigendam
1514 2368 1726 2434 conscientiae
1754 2368 1925 2435 imbecilli·

542 2479 648 2542 tatem.
691 2473 746 2540 Sic
766 2497 827 2541 neo
849 2475 883 2540 in
905 2473 1020 2560 nube⁶)
1045 2475 1214 2541 Dominica
1236 2476 1430 2560 praedicatio
1453 2477 1517 2542 huc
1539 2479 1664 2541 tantum
1688 2476 1863 2559 spectabat,
1888 2480 1926 2541 ut

542 2583 660 2669 gratias
683 2582 753 2648 Deo
775 2603 922 2669 agamus,
946 2583 1000 2647 sed
1023 2586 1060 2647 ut
1083 2583 1291 2648 instituamur
1312 2584 1346 2648 in
1364 2584 1492 2668 justitia
1513 2587 1547 2647 et
1568 2584 1818 2648 consolationem
1843 2584 1926 2648 acci·

541 2690 675 2777 piamus.
723 2688 936 2774 Consequitur
958 2711 1048 2776 ergo,
1075 2710 1207 2755 coenam
1230 2690 1270 2755 ad
1293 2689 1428 2756 cundem
1451 2691 1548 2756 finem
1571 2690 1752 2755 institutam
1776 2712 1858 2775 esse,
1882 2690 1925 2755 ad

542 2820 638 2883 quem
661 2798 773 2863 mortis
795 2796 984 2862 Dominicae
1007 2798 1207 2863 annuntiatio
1231 2802 1360 2883 spectat.

630 2904 660 2971 5.
692 2904 773 2971 Item
793 2903 1060 2989 quamadmodum
1083 2927 1165 2989 pane
1183 2906 1308 2992 vulgari
1327 2906 1494 2990 vescimur,
1515 2909 1553 2970 ut
1576 2926 1690 2991 corpus
1714 2906 1846 2987 alamus,
1869 2906 1926 2970 hic

542 3017 591 3079 est
612 3013 798 3100 principalis
821 3012 894 3077 finis
917 3033 989 3077 esus
1013 3012 1201 3097 corporalis,
1228 3035 1268 3077 ex
1291 3035 1354 3097 quo
1377 3018 1490 3098 postea
1513 3013 1614 3078 oritur
1638 3012 1812 3099 gratiarum
1838 3013 1925 3078 actio

542 3144 608 3187 non
630 3124 795 3205 tamquam
817 3120 899 3203 finis,
922 3118 977 3184 sed
1001 3125 1164 3205 tamqnam
1188 3121 1285 3184 finem
1308 3141 1515 3203 consequens,

631 3227 660 3293 6.
692 3227 737 3292 Et
754 3230 791 3292 nt
809 3227 1008 3311 baptizamur
1029 3248 1096 3292 non
1113 3227 1152 3291 ad
1172 3228 1345 3314 gratiarum
1365 3228 1533 3310 actionem,
1556 3226 1612 3291 sed
1629 3225 1668 3290 ad
1686 3225 1926 3291 absolutionem

543 3336 685 3402 sordium
708 3336 830 3401 animae
858 3339 891 3400 et
917 3339 954 3399 ut
975 3357 1032 3420 per
1053 3335 1216 3400 lavacrum
1242 3334 1490 3420 regenerationis
1518 3334 1652 3399 salntem
1682 3353 1926 3416 consequamur,

541 3445 618 3510 licet
644 3443 795 3529 baptismi
823 3443 941 3508 donum
970 3442 1114 3526 sequitur
1140 3442 1174 3506 in
1202 3442 1348 3507 credente
1371 3443 1545 3527 gratiarum
1569 3440 1667 3523 actio,
1694 3440 1739 3505 ita
1763 3440 1928 3505 vescimur

542 3573 625 3637 pana
651 3550 822 3616 Dominico
852 3572 967 3616 coenae
995 3549 1035 3613 ad
1061 3547 1267 3634 pascendam,
1295 3553 1331 3612 ut
1358 3549 1404 3613 sic
1427 3549 1545 3631 dicam,
1572 3547 1813 3630 conscientiam,
1841 3568 1927 3630 quae

542 3655 687 3745 pacata⁷)
718 3657 860 3744 exsurgit
887 3657 922 3721 in
948 3656 1121 3744 gratiarum
1150 3656 1307 3721 actionem
1339 3677 1405 3721 non
1432 3660 1596 3739 tamquam
1623 3655 1734 3737 finem,
1766 3653 1821 3719 sed
1848 3655 1927 3719 finis

543 3771 701 3833 eventum.

633 3874 662 3937 t.
680 3872 784 3939 Nemo
799 3873 1006 3958 papistarum,
1016 3875 1172 3957 qnantum
1182 3893 1241 3958 ago
1252 3871 1328 3954 scio,
1342 3871 1420 3936 dicit
1432 3870 1541 3953 laicos,
1551 3890 1631 3954 quos
1641 3870 1766 3952 vocant,
1776 3864 1832 3953 (Θ.
1841 3867 1927 3954 300)

544 3981 808 4047 communicando
831 4001 956 4047 sacrum
978 3978 1048 4044 Deo
1072 3980 1189 4062 facere,
1212 3978 1268 4043 sed
1290 3978 1397 4062 potius
1421 3978 1562 4042 fatentur
1584 3977 1647 4060 illi,
1673 3975 1773 4040 laicos
1796 3995 1928 4042 sacrum

544 4090 694 4174 accipere.
740 4085 841 4174 Quafl)
865 4089 964 4175 igitur
986 4086 1185 4171 impudentia
1207 4085 1324 4150 audent
1347 4085 1516 4150 sacrificuli
1540 4082 1612 4177 plus
1635 4082 1695 4147 sibi
1719 4102 1868 4167 arrogare
1892 4087 1929 4148 et

544 4217 696 4281 usurpare
715 4196 754 4261 de
773 4216 870 4261 coena
884 4195 1063 4277 Dominica,
1082 4215 1177 4277 quam
1197 4193 1293 4257 laici?
1325 4191 1427 4269 Quam
1446 4191 1589 4274 utrisque
1611 4190 1757 4255 similiter
1775 4186 1927 4255 Christus

544 4305 683 4370 instituit
705 4325 764 4369 nec
786 4304 842 4368 uni
866 4302 969 4367 ordini
993 4302 1074 4386 plus,
1097 4323 1194 4386 quam
1217 4300 1316 4365 alteri.

814 4454 1009 4520 Exercitatio
1032 4452 1106 4518 fidei

783 4568 815 4628 et
838 4561 1038 4628 confirmatio
1063 4581 1135 4625 con·
1352 4558 1426 4622 finis

885 4669 1034 4734 scientiae
1189 4671 1238 4732 est
1547 4663 1681 4728 coenae’

1287 4776 1418 4838 aventus
1442 4793 1497 4836 seu

814 4882 993 4950 Gratiarum
1018 4883 1101 4948 actio
1293 4900 1489 4964 consequens

633 5054 659 5121 1)
677 5051 758 5125 ciere
772 5051 818 5109 ur.
834 5055 929 5120 asra.
949 5082 984 5092 -
1007 5053 1034 5120 s)
1054 5056 1077 5104 1.
1092 5049 1159 5104 Mos.
1177 5053 1219 5114 ιι,
1230 5053 1263 5102 rs
1273 5047 1290 5116 ι.
1311 5079 1344 5088 -
1369 5050 1395 5117 a)
1414 5051 1438 5100 a.
1454 5044 1526 5100 Sam.
1543 5049 1568 5111 ι,
1580 5049 1621 5098 ra.
1641 5074 1674 5083 -
1698 5045 1725 5109 4)
1743 5040 1808 5095 Luc.
1825 5045 1928 5108 sa,1a.
