4667 6109
938 694 989 752 21.
1008 692 1071 753 Rei
1089 692 1133 753 tu
1153 694 1201 752 11.
1220 692 1292 763 {teet
1312 692 1389 750 164⁰

683 929 763 998 170.
794 929 959 1011 Fulmina,
981 928 1144 1010 Diodoto,
1166 950 1269 1015 eopse.

556 1071 637 1138 Cum
661 1073 699 1138 de
722 1078 816 1140 nocte
838 1073 973 1161 pluisset
994 1074 1129 1162 placide,
1151 1074 1232 1139 dixit
1254 1072 1389 1139 Doctor:
1426 1069 1492 1156 ‘Sta
1518 1068 1575 1140 boe
1598 1084 1664 1139 mot
1686 1069 1735 1140 eto
1757 1071 1852 1138 Peter

467 1184 577 1245 noster
599 1184 716 1267 metet,
738 1177 824 1266 [obet
846 1198 883 1267 tu
905 1177 1061 1268 ptiogtteo,
1084 1179 1122 1249 to
1145 1194 1211 1248 mot
1234 1177 1282 1248 ein
1300 1176 1441 1265 scopos
1464 1178 1589 1264 metm]
1597 1176 1623 1265 ¹)
1646 1176 1699 1264 tot
1721 1176 1784 1245 leot
1808 1197 1851 1246 er:

467 1284 606 1372 totoque
654 1284 723 1355 ebio
752 1284 801 1355 cio
828 1284 912 1373 bttet
941 1285 1012 1375 geift
1041 1285 1078 1372 itt
1110 1286 1161 1355 tet
1184 1284 1318 1371 leutici!
1364 1283 1433 1355 eote
1461 1282 1554 1371 motbt
1582 1303 1613 1352 et
1638 1283 1668 1371 to
1697 1283 1852 1371 otoetome

467 1398 570 1461 mutet
597 1391 683 1479 boeot
708 1392 760 1479 titt
788 1392 850 1463 unt
878 1391 955 1477 tsine
982 1392 1087 1480 tegent
1132 1392 1233 1463 deon
1261 1391 1428 1461 bottano
1457 1390 1503 1460 bie
1534 1389 1631 1461 [ichen
1655 1390 1753 1477 engo
1775 1389 1851 1478 ntcbt

467 1505 602 1585 moseten,
626 1519 657 1568 ct
680 1498 807 1587 ctttbtom
832 1498 1110 1586 coeonobium
1134 1500 1249 1570 bonnet
1272 1498 1396 1588 eoteo’),
1419 1498 1466 1568 bie
1491 1498 1520 1567 ir
1545 1497 1715 1568 toooetteit
1742 1496 1851 1586 fecittot.

466 1604 536 1675 llob
555 1603 634 1675 bot
656 1605 724 1693 [oet
745 1605 906 1676 tieueiteo
923 1626 968 1695 311,
991 1606 1049 1676 boe
1069 1627 1100 1676 et
1123 1607 1187 1696 otto
1209 1613 1336 1688 mmcd,
1360 1604 1530 1675 hemitonio
1553 1614 1616 1675 nob
1634 1603 1765 1693 tettbten
1788 1604 1851 1674 nob

467 1711 552 1782 betto
576 1712 637 1782 uot
661 1711 740 1783 eoo
763 1712 1051 1799 antonomatice?

555 1818 670 1908 Tum')
689 1843 763 1908 ego:
785 1820 913 1906 ,Mirum
935 1818 1003 1908 (ffit.
1024 1819 1097 1909 15¹³)
1120 1821 1206 1907 quod
1224 1825 1291 1887 tam
1314 1821 1401 1886 varie
1423 1843 1540 1908 genere
1561 1821 1727 1909 fulgurum
1750 1819 1852 1886 sunt.“

467 1926 589 1994 Doctor
610 1928 787 2013 respondit:
820 1928 892 1994 ‘Est
914 1933 1029 2014 potens
1052 1928 1207 1995 Diabolus
1231 1932 1265 1993 et
1285 1927 1374 1994 Deus
1397 1929 1493 2013 hujus
1517 1929 1643 1996 saeculi.
1689 1928 1761 2015 Ego
1785 1928 1851 1994 vidi

469 2034 548 2101 duos
567 2036 687 2101 cultros
705 2036 840 2102 fulmine
858 2040 962 2102 tactos
980 2039 1014 2100 et
1032 2040 1197 2102 concretos
1216 2036 1326 2101 illaesa
1343 2033 1495 2123 vegim)
1532 2034 1576 2101 Et
1593 2036 1696 2101 nostri
1713 2031 1851 2122 Luoee⁶)

468 2142 577 2207 uxoris
607 2163 724 2228 procus
754 2143 788 2208 iu
819 2164 891 2209 arce
917 2147 1022 2208 tectus
1054 2147 1116 2227 est,
1145 2144 1254 2209 omuie
1283 2143 1473 2210 vestimenta
1506 2143 1645 2229 primum
1676 2144 1852 2226 combusta,

467 2249 576 2314 illaeso
600 2248 656 2314 sed
677 2253 786 2315 temen
809 2253 936 2315 mortno
965 2271 1105 2336 corpore.
1151 2248 1238 2315 Olim
1262 2250 1448 2316 muniebant
1470 2273 1504 2316 se
1527 2250 1693 2337 evangelio
1716 2250 1852 2316 Joenuis

467 2359 501 2419 et
529 2355 677 2421 dicebant
706 2355 894 2446 fabulem⁶):
925 2356 1113 2441 „Percntef‘
1159 2356 1224 2423 Bis.
1272 2355 1317 2422 Et
1348 2357 1506 2443 percussit
1534 2356 1706 2442 Diabolus3
1736 2358 1852 2423 iterum

468 2464 629 2529 clamavit:
661 2463 845 2548 „Percutel“
881 2462 944 2532 Sed
963 2487 1027 2530 vox
1044 2469 1093 2531 est
1110 2465 1232 2531 audite:
1268 2462 1375 2550 „Noni
1411 2463 1494 2543 Quia
1508 2465 1633 2531 audivit
1650 2465 1852 2552 evangelium

466 2569 647 2636 Joannist‘0

554 2676 638 2743 lum
661 2700 735 2765 ego:
766 2678 965 2763 „Possuntne
987 2699 1102 2746 nocere
1129 2680 1266 2767 segeed‘
1307 2678 1476 2765 ‘Maxime,
1502 2680 1621 2765 inquit,
1648 2677 1711 2745 nisi
1734 2677 1852 2765 Angeli

467 2785 604 2850 obstent.
650 2783 753 2872 Saepe
776 2787 946 2852 voluerunt
968 2808 1028 2852 nos
1051 2808 1161 2852 omues
1180 2787 1233 2852 hic
1254 2787 1394 2873 perdere,
1416 2791 1449 2853 et
1471 2809 1523 2853 ms
1545 2791 1578 2853 et
1600 2808 1704 2853 meam
1726 2785 1853 2870 Ketem,

468 2892 523 2957 sed
546 2891 633 2958 Deus
657 2893 829 2960 custodivit
856 2915 922 2960 nos.
969 2892 1135 2960 Venerunt
1161 2895 1202 2959 ed
1230 2894 1401 2979 quemdem
1427 2895 1589 2980 hospitem
1613 2894 1693 2959 duee
1716 2891 1853 2981 segee⁷),

467 3003 500 3064 et
522 3003 672 3085 exceptae
690 3001 831 3086 hospitio
850 3006 988 3086 poscunt
1006 3022 1113 3086 eques.
1155 3000 1273 3067 Servus
1291 3001 1384 3067 affert
1402 3001 1437 3066 in
1455 3001 1637 3067 cubiculum
1656 3005 1688 3067 et
1706 3021 1852 3087 egressus

467 3108 635 3192 auscultet,
657 3108 734 3192 quid
757 3109 898 3173 fectmee
920 3112 1033 3174 essent.
1079 3108 1125 3174 At
1148 3109 1221 3174 illae
1248 3106 1459 3196 ccusultee⁸),
1488 3109 1604 3175 vinone
1627 3131 1669 3174 an
1690 3108 1851 3173 frumento

467 3219 612 3298 noceant,
634 3215 689 3281 sed
708 3215 924 3300 decreverunt,
946 3216 1021 3281 vino
1040 3217 1122 3281 velle
1140 3237 1262 3281 nocere.
1308 3215 1393 3282 Illud
1412 3218 1609 3301 colloquium
1627 3217 1720 3283 affert
1742 3236 1852 3281 servus

467 3321 506 3385 ed
528 3322 649 3387 herum.
690 3320 770 3406 „1te,
802 3322 920 3407 iuquit,
949 3327 982 3389 et
1008 3323 1191 3408 perfundite
1213 3328 1382 3408 utramque
1411 3324 1621 3391 dormientem
1652 3323 1762 3409 eque.“
1807 3322 1852 3388 let

467 3428 579 3494 ambae
601 3429 720 3516 frigore
743 3434 872 3495 anemae
894 3434 977 3495 sunt.
1023 3428 1078 3497 Sic
1099 3431 1250 3498 fecissent
1272 3431 1369 3498 vino?

555 3534 637 3601 Tum
662 3558 735 3623 ego:
765 3535 888 3621 „Multa
909 3538 1056 3603 feruntur
1078 3538 1117 3604 de
1140 3539 1240 3626 segis,
1262 3538 1401 3605 Domine
1424 3537 1553 3605 Dootor.
1599 3536 1653 3603 Fit
1675 3537 1771 3603 etiem
1795 3537 1852 3603 eli·

467 3642 538 3725 quis
562 3647 668 3709 motus
699 3644 737 3710 de
764 3644 883 3710 loco?“
927 3643 1010 3710 'lum
1040 3646 1108 3712 ille:
1140 3644 1298 3711 ‘Minimet
1350 3644 1388 3711 ld
1416 3646 1566 3732 probavit
1588 3642 1764 3712 Gmmeuus
1787 3644 1853 3729 epi·

467 3769 583 3834 scopus
612 3748 843 3838 experientia')
890 3750 1045 3819 Diabolus
1073 3757 1181 3819 autem
1208 3753 1365 3836 ejusmodi
1393 3753 1642 3840 cogitationibus
1669 3755 1778 3838 potest
1799 3750 1852 3815 de-

468 3861 609 3923 mentare
630 3858 792 3942 homines,
819 3860 958 3925 maxime
979 3881 1096 3945 pueros
1124 3864 1158 3925 et
1187 3860 1350 3946 mulieres,
1378 3865 1415 3926 ut
1438 3859 1582 3945 credent,
1613 3881 1647 3925 se
1670 3858 1852 3925 interfuisse

467 3964 591 4030 choreis
622 3969 654 4031 et
683 3964 853 4051 conviviis3
882 3966 938 4033 sed
964 3968 1190 4053 phantasmate
1219 3971 1301 4034 sunt.
1347 3966 1408 4034 Est
1438 3968 1523 4033 enim
1553 3966 1708 4033 Diabolus
1737 3969 1852 4052 potens

468 4071 600 4155 spiritus
623 4075 657 4137 et
677 4072 761 4137 ludit
783 4072 829 4138 sic
851 4078 979 4141 nostros
1002 4076 1133 4141 sensns’

555 4177 619 4244 Hic
641 4180 718 4245 fecit
740 4181 936 4247 mentionem
963 4182 1116 4249 historiae
1144 4182 1183 4248 de
1204 4182 1322 4248 felibus
1344 4186 1378 4248 et
1399 4182 1613 4266 adolescente,
1641 4202 1723 4267 quae
1746 4184 1795 4245 est
1817 4179 1851 4244 in

468 4284 576 4351 decem
600 4287 779 4372 praeceptis
802 4286 1003 4377 antiquis¹⁰),
1032 4293 1065 4356 et
1086 4289 1234 4374 subjecit:
1272 4287 1426 4355 ‘Necesse
1454 4293 1516 4374 est,
1544 4292 1583 4354 ut
1604 4291 1774 4374 praecepte
1796 4287 1853 4352 ille

468 4393 583 4459 iterum
600 4398 743 4481 repetem
762 4396 897 4480 publice.
944 4393 1017 4462 Hoc
1034 4398 1154 4461 malum
1173 4396 1258 4462 enim
1278 4396 1444 4463 invalescit
1464 4396 1601 4462 iterum?
1622 4434 1664 4444 —
1683 4394 1727 4461 Et
1749 4393 1851 4459 addit:

467 4486 640 4567 ‘Diabolus
664 4522 736 4567 cum
760 4506 902 4568 mutetur
924 4502 958 4567 in
985 4503 1079 4569 felem
1102 4507 1158 4569 eut
1188 4503 1276 4569 eliud
1298 4505 1430 4589 animal,
1460 4526 1527 4570 non
1548 4505 1622 4591 plus
1649 4504 1767 4569 virium
1789 4502 1852 4568 sibi

467 4607 598 4692 accipit,
629 4630 725 4692 quam
748 4609 854 4694 ipsum
882 4609 1001 4675 animal
1023 4611 1133 4694 hebet,
1162 4616 1200 4676 ut
1223 4611 1270 4677 sic
1297 4611 1435 4678 infatuet
1462 4632 1546 4678 suos.
1592 4609 1677 4677 Nem
1701 4611 1852 4676 camille

467 4714 650 4780 adolescens
677 4716 791 4801 procul
818 4715 915 4782 dubio
946 4718 1060 4803 plenus
1087 4716 1151 4782 fide
1174 4721 1206 4782 et
1234 4719 1417 4805 cognitione
1444 4717 1505 4784 Dei
1532 4718 1695 4784 obturarit
1724 4721 1852 4783 cubum

467 4820 593 4905 felibus,
611 4823 791 4888 vulneravit
803 4824 892 4908 feles,
909 4845 991 4908 quae
1005 4827 1095 4889 erant
1108 4821 1248 4908 Diaboli,
1266 4828 1299 4889 et
1316 4830 1428 4910 postea
1446 4847 1484 4891 ee
1499 4826 1631 4892 vulnere
1644 4823 1851 4912 impressit¹¹)

469 4928 665 5014 mulieribus,
688 4933 724 4995 ut
747 4930 919 5015 crederent,
942 4953 975 4996 se
998 4931 1180 4997 interfuisse
1203 4933 1349 5019 pugnae?

556 5068 773 5139 Meth.N.1oo;
792 5068 880 5125 Rhed.
898 5069 970 5124 ma

521 5165 632 5220 teretes,
646 5167 739 5222 tutta!
753 5167 879 5223 tttdtcrtee
1619 5166 1636 5216 9
