4667 6109
471 743 536 808 382
982 740 1140 811 tramine
1160 742 1215 801 sat
1235 741 1336 802 metet
1605 741 1657 800 ar.
1674 742 1858 799 ales-ale

471 904 551 962 ttudt
569 910 622 961 une
640 904 719 975 nichtl
746 903 816 962 ote
833 904 876 974 itt
893 905 964 972 tollet
987 905 1082 974 replet
1101 904 1229 960 uertenl’
1249 937 1284 945 -
1307 905 1385 959 Tune
1403 903 1511 959 Blsnck
1530 903 1615 958 dixit:
1638 904 1709 973 „Sap
1730 905 1777 960 tir
1796 904 1857 973 aad

470 994 512 1050 eta
531 993 613 1064 jerit,
637 995 697 1050 abet
715 993 758 1050 eia
777 992 962 1063 ualdultiget,
985 994 1048 1063 hate
1069 994 1179 1064 ιῠοοῇ.
1198 993 1345 1065 turtuhiret
1363 993 1472 1064 injure
1494 994 1547 1050 aab
1570 1008 1622 1050 aar
1639 995 1701 1049 auh
1721 993 1858 1064 mediter

471 1083 553 1139 teuit
565 1083 724 1152 rusticium
737 1082 798 1153 aod)
812 1097 885 1139 arms
897 1081 932 1149 td)
941 1082 994 1139 sair
1003 1081 1119 1152 geminen
1133 1084 1269 1140 bernw
1297 1082 1373 1138 Haeo
1388 1083 1510 1138 ironicus
1525 1083 1597 1138 serio
1607 1082 1687 1137 vultu
1700 1084 1857 1138 asserebat.

685 1260 771 1315 alas.
799 1259 867 1330 (Sor.
881 1259 926 1318 ht.
943 1260 1005 1330 10¹³)
1024 1261 1099 1331 bant
1118 1260 1225 1330 &hatte
1242 1261 1421 1331 impudenter
1439 1261 1520 1317 dicit:

843 1384 903 1442 ssrr
921 1386 954 1441 ha
972 1385 1019 1441 teil
1037 1385 1151 1442 letamen
1170 1397 1223 1443 ooo
1241 1391 1287 1457 qut
1305 1388 1359 1444 auh
1377 1388 1443 1459 chre,

841 1474 897 1531 Der
914 1475 983 1546 hetta
1001 1473 1045 1543 suh
1064 1490 1099 1530 aa
1117 1476 1162 1531 hee
1181 1474 1292 1547 liuttere
1311 1476 1386 1548 lehre.

686 1654 774 1709 rire.
807 1654 1093 1725 maneam.

560 1762 769 1832 Etymologiam
788 1761 831 1815 sni
849 1761 971 1814 nominis
989 1760 1138 1815 indicavit:
1162 1761 1266 1830 Lyder,
1289 1778 1345 1816 non
1363 1761 1479 1831 Luther,
1503 1780 1523 1832 y
1542 1761 1650 1816 Galliae
1668 1761 1857 1816 scribendum.

472 1851 614 1922 Lydewig‚
634 1851 733 1921 hydor,
751 1850 932 1920 Lydegsrr'us,
951 1849 1113 1920 Lytringen‚
1132 1850 1182 1920 qui
1200 1849 1318 1904 Romam
1337 1851 1405 1905 olim
1424 1851 1614 1907 devastarunt.

684 2028 770 2083 me.
799 2027 953 2084 ‘Reduotio
971 2045 1022 2098 per
1039 2028 1215 2098 impossibile
1233 2029 1304 2083 nihil
1319 2028 1397 2084 aliud
1412 2031 1463 2096 est,
1482 2045 1567 2098 qnam
1585 2029 1610 2083 si
1628 2029 1743 2085 verbum
1761 2044 1796 2083 ex
1811 2046 1859 2083 ore

471 2118 624 2174 adversarii
642 2118 673 2172 in
690 2119 783 2188 ipsum
802 2120 961 2187 torquetur,
983 2119 1017 2172 ut
1035 2117 1130 2173 Cicero
1148 2119 1178 2172 in
1196 2119 1313 2173 Milone:
1339 2118 1398 2188 „Tu
1417 2118 1522 2173 stetisti
1541 2119 1616 2172 cirea
1634 2117 1766 2186 eadaser,
1790 2134 1859 2188 ergo

472 2207 633 2274 occidisti“;
647 2211 762 2262 econtra
774 2206 933 2278 respondit:
948 2207 1054 2275 „Immo
1068 2208 1093 2261 si
1107 2208 1281 2276 occidissem,
1295 2207 1456 2279 fugissem‘*
1484 2207 1545 2265 eea
1558 2208 1589 2279 it
1602 2207 1715 2277 proprie
1729 2207 1858 2261 reductio

472 2314 522 2368 per
540 2296 722 2368 impossibile.
755 2296 799 2351 lta
813 2296 868 2350 duo
884 2295 935 2350 filii
953 2297 1058 2366 reperti
1077 2297 1106 2351 iu
1124 2297 1254 2353 eubiculo
1273 2297 1443 2353 dormientes
1462 2313 1556 2352 eoram
1569 2298 1650 2366 patre
1664 2296 1756 2351 oaciso
1774 2312 1859 2350 aeon·

472 2388 526 2441 sati
545 2389 611 2441 sunt
629 2385 787 2458 parricidii,
809 2385 859 2441 sed
878 2402 943 2440 mox
961 2385 1126 2441 dialecticae
1150 2388 1266 2457 qnidam
1284 2387 1349 2442 illos
1368 2386 1505 2443 defendit:
1529 2386 1576 2455 „Si
1594 2385 1647 2440 hoe
1665 2385 1775 2440 facinus
1795 2402 1859 2455 per-

473 2479 639 2547 petrassent,
658 2493 714 2530 non
731 2477 847 2544 possent
865 2474 1012 2529 dormire.“
1048 2474 1109 2532 ase
1127 2476 1157 2546 iit
1174 2494 1241 2530 usus
1261 2476 1443 2533 dialectices?

686 2635 771 2691 717¹.
799 2635 909 2690 Circulo
927 2636 956 2690 in
975 2652 1073 2691 mensa
1090 2636 1206 2706 globum
1225 2638 1457 2693 mathematicum
1475 2637 1557 2692 linxit
1574 2639 1603 2692 et
1620 2636 1767 2692 zodiacum
1786 2636 1860 2691 obli-

472 2744 558 2796 quum
577 2728 607 2781 et
624 2725 718 2794 eoepit
736 2724 896 2795 allegiare,
909 2724 1005 2781 Jesum
1019 2724 1160 2780 Christum
1180 2726 1294 2797 figurari
1312 2728 1365 2781 hoe
1383 2727 1506 2794 zodiaco,
1525 2727 1575 2795 qni
1590 2727 1620 2780 in
1634 2742 1664 2781 se
1678 2724 1861 2781 concluderet

472 2817 542 2870 duos
560 2815 683 2885 tropicos
702 2814 880 2883 obliquitate,
898 2814 929 2870 id
943 2817 987 2869 est
1005 2815 1151 2870 eeclesiam
1166 2816 1313 2871 attendere
1331 2816 1368 2871 ad
1383 2815 1453 2871 duos
1466 2815 1546 2886 polos
1561 2816 1629 2886 (Ser.
1643 2814 1688 2873 ut.
1705 2820 1749 2885 11)
1763 2815 1858 2869 caneri

472 2908 501 2961 et
524 2904 693 2975 capricorni,
717 2903 826 2958 seilicet
847 2904 959 2960 Patrem
983 2906 1012 2959 et
1034 2904 1170 2975 Spiritum
1189 2905 1336 2973 Sanctum
1361 2912 1393 2960 12
1417 2907 1499 2976 signa
1522 2921 1582 2960 esse
1607 2911 1639 2960 12
1662 2903 1807 2975 apostolos
1831 2908 1861 2957 et

473 2994 603 3064 planetas
626 3009 686 3048 esee
708 2992 836 3064 Spiritus.
873 2993 918 3048 Ita
940 2993 1076 3064 allegoria
1099 2997 1195 3065 posset
1217 2994 1309 3049 adhuc
1332 2995 1454 3050 defendi.
1492 2996 1573 3066 riguo
1597 2995 1707 3049 Christo
1730 2994 1859 3064 patiente

473 3083 546 3139 aries
565 3084 646 3138 stetit
664 3083 693 3137 iu
711 3083 814 3138 vertice
834 3082 931 3153 ipsius,
950 3099 1014 3137 nam
1034 3085 1128 3153 passio
1147 3083 1251 3139 Christi
1271 3086 1322 3139 sub
1341 3085 1430 3140 ariete
1447 3084 1515 3152 fuit,
1535 3084 1610 3138 eirea
1627 3084 1730 3139 festum
1750 3099 1858 3137 annun·

472 3172 600 3228 tiationis
618 3171 732 3228 Mariae.

688 3352 769 3421 718.
803 3351 860 3440 (Θ.
879 3354 936 3437 85)
960 3354 1078 3420 Contra
1098 3355 1207 3420 sciolos
1228 3362 1257 3420 et
1278 3355 1439 3443 etrier).

563 3477 652 3545 ‘eoo
675 3476 739 3545 eiu
763 3476 823 3561 istu
842 3477 987 3563 regimem
1006 3477 1068 3565 ello
1086 3477 1183 3562 heren,
1207 3477 1264 3547 tet
1283 3478 1325 3549 tm
1344 3477 1489 3549 uiuente
1509 3478 1564 3564 loll
1583 3477 1771 3565 cinereae,
1795 3479 1859 3548 aab

474 3584 521 3653 bie
543 3584 614 3653 tuelt
638 3583 710 3653 lunt
734 3583 802 3670 bod)
826 3584 873 3652 nit
895 3583 1086 3671 unterlallen.
1131 3586 1207 3653 Ideo
1230 3588 1365 3674 fingitur
1386 3588 1496 3652 fabula
1523 3588 1562 3652 de
1585 3588 1697 3675 auriga
1718 3610 1860 3673 paupere

473 3691 564 3778 ,bunt
592 3690 737 3778 liftim').
788 3690 848 3757 Oui
881 3692 1119 3781 eommissum³)
1151 3700 1215 3779 eet,
1246 3696 1352 3761 vivere
1382 3696 1415 3759 in
1444 3695 1592 3780 paradiso
1620 3700 1652 3760 et
1679 3695 1742 3759 frui
1770 3695 1858 3760 illius

474 3801 610 3884 deliciis,
642 3822 680 3864 ea
712 3800 908 3884 conditione,
940 3806 977 3866 ut
1009 3803 1117 3867 omnia
1148 3805 1348 3888 permitteret
1375 3802 1503 3887 vadere,
1535 3804 1619 3868 siout
1650 3803 1770 3867 vellent
1796 3802 1858 3867 Dei

474 3909 647 3972 voluntate.
694 3904 859 3992 Ingressus
883 3907 1038 3994 invenit⁴)
1061 3910 1244 3976 haurientes
1267 3932 1384 3994 aquam
1406 3931 1481 3975 vase
1504 3910 1573 3975 eine
1594 3909 1695 3975 fundo
1719 3913 1751 3974 et
1769 3910 1858 3975 inani

474 4014 583 4079 labore
606 4013 787 4099 defatigari3
811 4015 996 4098 praeterivit
1017 4020 1050 4080 et
1072 4018 1127 4081 vix
1149 4019 1257 4103 potuit
1279 4038 1313 4082 ee
1332 4018 1504 4083 continere.
1544 4017 1660 4082 Postea
1678 4015 1760 4082 vidit
1778 4015 1860 4081 duos

474 4121 583 4185 fabros
605 4120 759 4206 lignarios
782 4126 947 4205 portantes
970 4124 1105 4210 lignum,
1132 4124 1219 4207 quod
1241 4125 1276 4189 iu
1299 4124 1429 4189 domum
1452 4124 1537 4190 ferre
1558 4147 1624 4189 non
1646 4121 1861 4212 potuemt⁶)‚

476 4228 552 4312 quia
574 4230 687 4293 neuter
709 4227 929 4316 praeoedere⁸)
953 4231 1094 4314 volebat,
1122 4229 1249 4317 {nubem
1277 4229 1387 4317 pinget
1410 4229 1457 4299 bie
1480 4249 1567 4318 quet3
1593 4231 1656 4296 hoe
1678 4232 1774 4296 etiam
1800 4231 1861 4296 dif-

474 4336 559 4400 fieile
581 4335 691 4400 tacuit.
732 4335 841 4400 Tertio
861 4336 983 4402 invenit
1005 4339 1148 4424 aurigam
1173 4338 1208 4402 in
1229 4339 1299 4404 luto
1322 4340 1515 4422 haerentem,
1538 4338 1593 4424 qui
1613 4359 1685 4403 eum
1705 4341 1862 4422 quattuor

475 4443 566 4526 equis
584 4464 650 4507 nou
669 4444 773 4526 possit
790 4444 929 4527 liberari,
950 4442 1075 4530 {pentat
1098 4463 1129 4512 et
1152 4446 1173 4509 2
1192 4442 1258 4530 piet
1277 4445 1387 4530 hinton
1406 4464 1461 4531 an3
1484 4447 1546 4511 hoe
1564 4445 1626 4530 ille,
1650 4467 1723 4511 oum
1742 4445 1780 4509 de
1800 4467 1860 4511 suo

475 4551 546 4614 foro
565 4555 657 4634 esset,
680 4572 746 4615 uon
764 4551 871 4634 potuit
890 4551 1049 4635 simulare,
1067 4552 1190 4637 iuoepit
1206 4554 1298 4618 illum
1318 4555 1494 4638 inerepare:
1516 4553 1561 4618 Et
1579 4554 1625 4618 ita
1642 4557 1862 4638 transgressus

475 4662 525 4722 est
543 4656 760 4723 conditionem
779 4662 812 4722 et
830 4657 982 4743 expulsus
996 4663 1045 4723 est
1058 4659 1215 4743 paradiso.
1253 4659 1311 4725 (lui
1330 4681 1404 4725 eum
1417 4660 1532 4725 Petrus
1547 4661 1745 4744 occurrisset,
1763 4660 1862 4725 iuter·

477 4762 646 4852 rogavit⁷),
669 4786 726 4830 eur
744 4764 866 4830 exiret?
902 4762 1095 4849 Respondit:
1117 4763 1191 4851 „hdr
1210 4765 1413 4851 methonae
1436 4765 1498 4834 aab
1521 4764 1580 4852 het
1605 4766 1731 4852 osenna
1749 4765 1861 4850 tolera

475 4868 621 4958 psuqott
640 4869 686 4939 nit
704 4871 871 4957 armathen,
890 4869 941 4938 ale
961 4871 1036 4939 tull
1069 4871 1186 4939 Postea
1202 4873 1339 4938 Paulum
1358 4879 1593 4959 persecutorem
1613 4874 1861 4961 ealumniatus⁸)

475 4985 538 5061 est,
570 4979 665 5047 tertio
694 4977 806 5044 Mosen
834 4978 1032 5062 incredulum
1065 4981 1204 5045 notavit:
1242 4978 1286 5048 er
1313 4995 1390 5049 tuere
1421 4980 1499 5067 nidjt
1531 4980 1579 5050 eiu
1607 4980 1713 5067 ioldjer
1741 4979 1861 5067 gemelti

475 5084 521 5165 Et
544 5088 589 5150 ite.
612 5107 723 5150 omues
746 5084 924 5172 hominesl)
948 5085 1170 5174 oavillatus¹⁰).
1217 5087 1358 5153 Tandem
1376 5094 1532 5156 venerunt
1554 5091 1740 5156 innocentes
1758 5093 1861 5177 pueri,
